@article{vanderHooft2016,
  author = {van der Hooft, Justin Johan Jozias and Wandy, Joe and Barrett, Michael P. and Burgess, Karl E. V. and Rogers, Simon},
  title = {Topic modeling for untargeted substructure exploration in metabolomics},
  volume = {113},
  number = {48},
  pages = {13738--13743},
  year = {2016},
  doi = {10.1073/pnas.1608041113},
  publisher = {National Academy of Sciences},
  issn = {0027-8424},
  URL = {https://www.pnas.org/content/113/48/13738},
  eprint = {https://www.pnas.org/content/113/48/13738.full.pdf},
  journal = {Proceedings of the National Academy of Sciences}
}

@article{DjoumbouFeunang2016,
author="Djoumbou Feunang, Yannick
and Eisner, Roman
and Knox, Craig
and Chepelev, Leonid
and Hastings, Janna
and Owen, Gareth
and Fahy, Eoin
and Steinbeck, Christoph
and Subramanian, Shankar
and Bolton, Evan
and Greiner, Russell
and Wishart, David S.",
title="ClassyFire: automated chemical classification with a comprehensive, computable taxonomy",
journal="Journal of Cheminformatics",
year="2016",
month="Nov",
day="04",
volume="8",
number="1",
pages="61",
issn="1758-2946",
doi="10.1186/s13321-016-0174-y",
url="https://doi.org/10.1186/s13321-016-0174-y"
}

@article{Ernst2019,
  author = {Ernst, Madeleine and Kang, Kyo Bin and Caraballo-Rodr{\'\i}guez, Andr{\'e}s Mauricio and Nothias, Louis-Felix and Wandy, Joe and Wang, Mingxun and Rogers, Simon and Medema, Marnix H. and Dorrestein, Pieter C. and van der Hooft, Justin J.J.},
  title = {MolNetEnhancer: enhanced molecular networks by integrating metabolome mining and annotation tools},
  elocation-id = {654459},
  year = {2019},
  doi = {10.1101/654459},
  publisher = {Cold Spring Harbor Laboratory},
  URL = {https://www.biorxiv.org/content/early/2019/05/31/654459},
  eprint = {https://www.biorxiv.org/content/early/2019/05/31/654459.full.pdf},
  journal = {bioRxiv}
}


