@book{osswald_polymer_2006,
	title = {Polymer {Processing}: {Modeling} and {Simulation}},
	publisher = {Hanser Publishers},
	author = {Osswald, Tim A. and Hern√°ndez-Ortiz, Juan Pablo},
	year = {2006},
}

@book{osswald_polymer_2015,
  title={Polymer rheology},
  author={Osswald, Tim A. and Rudolph, Natalie},
  publisher = {Hanser Publishers},
  year={2015}
}

@article{cross_rheology_1965,
	title = {Rheology of non-{Newtonian} fluids: {A} new flow equation for pseudoplastic systems},
	volume = {20},
	issn = {00958522},
	shorttitle = {Rheology of non-{Newtonian} fluids},
	doi = {10.1016/0095-8522(65)90022-X},
	language = {en},
	number = {5},
	urldate = {2019-05-25},
	journal = {Journal of Colloid Science},
	author = {Cross, Malcolm M.},
	month = jun,
	year = {1965},
	pages = {417--437},
}

@book{rao_basic_2017,
	title = {Basic {Polymer} {Engineering} {Data}},
	isbn = {978-1-56990-649-1},
	language = {English},
	publisher = {Hanser Publishers},
	author = {Rao, Natti S.},
	year = {2017}
}

@article{oliaei_warpage_2016,
	title = {Warpage and {Shrinkage} {Optimization} of {Injection}-{Molded} {Plastic} {Spoon} {Parts} for {Biodegradable} {Polymers} {Using} {Taguchi}, {ANOVA} and {Artificial} {Neural} {Network} {Methods}},
	volume = {32},
	doi = {10.1016/j.jmst.2016.05.010},
	journal = {Journal of Materials Science \& Technology},
	author = {Oliaei, Erfan and Shiroud Heidari, Behzad and Davachi, Seyed Mohammad and Bahrami, Mozhgan and Davoodi, Saeed and Hejazi, Iman and Seyfi, Javad},
	month = jun,
	year = {2016},
	pages = {710--720},
}
