@article{1762boykin2019,
	author	= "Timothy Boykin and Prasad Sarangapani and Gerhard Klimeck",
	title	= "Non-orthogonal tight-binding models: Problems and possible remedies for realistic nano-scale devices",
	journal	= "Journal of Applied Physics",
	year	= "2019",
	volume	= "125",
	number	= "14",
	note	= "Journal of Applied Physics, Vol. 125, Issue 14, April 2019;doi: 10.1063/1.5056178",
}
@article{1715mejia2018,
	author	= "Daniel Mejia and Tillmann C Kubis and Gerhard Klimeck",
	title	= "NemoViz: A visual interactive system for atomistic simulations design",
	journal	= "Visualization in Engineering",
	year	= "2018",
	volume	= "6",
	note	= "Visualization in Engineering, November 2018, Volume 6, Number 6; doi:10.1186/s40327-018-0067-4",
}
@article{1749wu2018,
	author	= "Peng Wu and Tarek Ameen and Huairuo Zhang and Leonid Bendersky and Hesameddin Ilatikhameneh and Gerhard Klimeck and Rajib Rahman and Albert Davydov and Joerg Appenzeller",
	title	= "Complementary Black Phosphorus Tunneling Field-Effect Transistors",
	journal	= "ACS Nano",
	year	= "2018",
	note	= "ACS Nano, Publication Date (Web): December 18, 2018; doi: 10.1021/acsnano.8b06441",
}
@article{1747ameen2018,
	author	= "Tarek Ameen and Hesameddin Ilatikhameneh and Patrick Fay and Alan Seabaugh and Rajib Rahman and Gerhard Klimeck",
	title	= "Alloy Engineered Nitride Tunneling Field Effect Transistor: A solution for the challenge of heterojunction TFETs",
	journal	= "IEEE Transactions on Electron Devices",
	year	= "2018",
	volume	= "2",
	note	= "IEEE Transactions on Electron Devices, 2018 (Early Access); doi: 10.1109/TED.2018.2877753",
	url	= "https://ieeexplore.ieee.org/document/8535037",
}
@article{1702sarangapani2018,
	author	= "Prasad Sarangapani and Cory Weber and Jiwon Chang and Stephen Cea and Michael Povolotskyi and Gerhard Klimeck and Tillmann C Kubis",
	title	= "Atomistic tight-binding study of contact resistivity in Si/SiGe PMOS Schottky contacts",
	journal	= "IEEE Transactions on Nanotechnology",
	year	= "2018",
	volume	= "Early Access",
	note	= "IEEE Transactions on Electron Devices, 2018 (Early Access), Pages 1-1",
	url	= "https://ieeexplore.ieee.org/document/8365831/",
}
@article{1688chen2018,
	author	= "Fan Chen and Hesameddin Ilatikhameneh and Yaohua Tan and Gerhard Klimeck and Rajib Rahman",
	title	= "Switching Mechanism and the Scalability of vertical-TFETs",
	journal	= "IEEE Transactions on Electron Devices",
	year	= "2018",
	volume	= "65",
	number	= "7",
	note	= ", 2018, Vol. 65, No. 7, Pages 3065-3068",
	url	= "https://arxiv.org/abs/1711.01832",
}
@article{1644ilatikhameneh2016,
	author	= "Hesameddin Ilatikhameneh and Tarek Ameen and Fan Chen and Harshad Sahasrabudhe and Gerhard Klimeck and Rajib Rahman",
	title	= "Dramatic Impact of Dimensionality on the Electrostatics of P-N Junctions and Its Sensing and Switching Applications",
	journal	= "IEEE Transactions on Nanotechnology",
	year	= "2016",
	volume	= "17",
	number	= "2",
	note	= "IEEE Transactions on Nanotechnology, 2018, Vol. 17, No. 2, Pages 293-298",
	url	= "https://ieeexplore.ieee.org/document/8275037/",
}
@article{1725chu2018,
	author	= "Yuanchen Chu and Prasad Sarangapani and James Charles and Gerhard Klimeck and Tillmann C Kubis",
	title	= "Explicit screening full band quantum transport model for semiconductor nanodevices",
	journal	= "Journal of Applied Physics",
	year	= "2018",
	volume	= "123",
	number	= "24",
	note	= "Journal of Applied Physics 123, 244501 (2018); https://doi.org/10.1063/1.5031461",
}
@article{1685ameen2018,
	author	= "Tarek Ameen and Hesameddin Ilatikhameneh and Archana Tankasala and Yuling Hsueh and James Charles and Jim Fonseca and Michael Povolotskyi and Jun Kim and Sanjay Krishna and Monica Allen and Jeffery Allen and Rajib Rahman and Gerhard Klimeck",
	title	= "Theoretical study of strain-dependent optical absorption in doped Stranski-Krastanov grown InAs/InGaAs/GaAs/AlGaAs quantum dots",
	journal	= "Beilstein Journal of Nanotechnology",
	year	= "2018",
	note	= "Beilstein Journal of Nanotechnology, 2018, 9, 1075–1084; doi:10.3762/bjnano.9.99 ",
}
@article{1693ferdous2018,
	author	= "Rifat Ferdous and Kok  and Menno Veldhorst and Jason Hwang and C.H. Yang and Gerhard Klimeck and Andrea Morello and Andrew Dzurak and Rajib Rahman",
	title	= "Interface induced spin-orbit interaction in silicon quantum dots and prospects for scalability",
	journal	= "Physical Review B",
	year	= "2018",
	note	= "Physical Review B 97, 241401 (2018);doi: 10.1103/PhysRevB.97.241401",
	url	= "https://arxiv.org/abs/1703.03840",
}
@article{1712chen2018,
	author	= "Chin-Yi Chen and Tarek Ameen and Hesameddin Ilatikhameneh and Rajib Rahman and Gerhard Klimeck and Joerg Appenzeller",
	title	= "Channel Thickness Optimization for Ultrathin and 2-D Chemically Doped TFETs",
	journal	= "IEEE Transactions on Electron Devices",
	year	= "2018",
	volume	= "65",
	number	= "10",
	note	= "IEEE Transactions on Electron Devices, 2018, Vol. 65, No. 10, Pages 4614-4621; doi: 10.1109/TED.2018.2862408",
	url	= "https://ieeexplore.ieee.org/document/8438548/",
}
@article{1706valencia2018,
	author	= "Daniel Valencia and Evan Wilson and Zhengping Jiang and Gustavo Valencia-Zapata and KuangChung Wang and Gerhard Klimeck and Michael Povolotskyi",
	title	= "Grain-Boundary Resistance in Copper Interconnects: From an Atomistic Model to a Neural Network",
	journal	= "Physical Review Applied",
	year	= "2018",
	volume	= "9",
	note	= "Physical Review Applied 9 (4), 044005;doi: 10.1103/PhysRevApplied.9.044005",
	url	= "https://journals.aps.org/prapplied/abstract/10.1103/PhysRevApplied.9.044005",
}
@article{1690sahasrabudhe2018,
	author	= "Harshad Sahasrabudhe and Bozidar Novakovic and James Nakamura and Saeed Fallahi and Michael Povolotskyi and Gerhard Klimeck and Rajib Rahman and Michael Manfra",
	title	= "Optimization of edge state velocity in the integer quantum Hall regime",
	journal	= "Physical Review B",
	year	= "2018",
	volume	= "97",
	note	= "Physical Review B 97, 085302 (2018); doi: 10.1103/PhysRevB.97.085302",
	url	= "https://arxiv.org/abs/1705.07005",
}
@article{1689ilatikhameneh2018,
	author	= "Hesameddin Ilatikhameneh and Tarek Ameen and Chin-Yi Chen and Gerhard Klimeck and Rajib Rahman",
	title	= "Sensitivity Challenge of Steep Transistors",
	journal	= "IEEE TRANSACTIONS ON ELECTRON DEVICES",
	year	= "2018",
	note	= "IEEE TRANSACTIONS ON ELECTRON DEVICES, VOL. 65, NO. 4, APRIL 2018; doi:10.1109/TED.2018.2808040",
	url	= "https://arxiv.org/abs/1709.06276",
}
@article{1692tankasala2018,
	author	= "Archana Tankasala and Joe Salfi and Juanita​ Bocquel and Benoit Voisin and Muhammad Usman and Gerhard Klimeck and Michelle Simmons and Lloyd Hollenberg and Sven Rogge and Rajib Rahman",
	title	= "Two-electron states of a group V donor in silicon from atomistic full configuration interaction",
	journal	= "Physical Review B",
	year	= "2018",
	note	= "Phys. Rev. B 97, 195301 – Published 2 May 2018; doi: 10.1103/PhysRevB.97.195301",
	url	= "https://arxiv.org/abs/1703.04175",
}
@article{1682huang2018,
	author	= "Jun Huang and Hesameddin Ilatikhameneh and Michael Povolotskyi and Gerhard Klimeck",
	title	= "Robust Mode Space Approach for Atomistic Modeling of Realistically Large Nanowire Transistors",
	journal	= "Journal of Applied Physics",
	year	= "2018",
	note	= "Journal of Applied Physics 123, 044303 (2018); doi:10.1063/1.5010238",
	url	= "https://arxiv.org/abs/1710.08064",
}
@article{1683long2018,
	author	= "Pengyu Long and Jun Huang and Michael Povolotskyi and Prasad Sarangapani and Gustavo Valencia-Zapata and Tillmann C Kubis and Mark Rodwell and Gerhard Klimeck",
	title	= "Atomistic Modeling trap-assisted tunneling in hole tunnel FETs",
	journal	= "Journal of Applied Physics",
	year	= "2018",
	volume	= "123",
	number	= "17",
	note	= "Journal of Applied Physics 123 (2018); doi: 10.1063/1.5018737",
	url	= "https://aip.scitation.org/doi/10.1063/1.5018737",
}
@article{1681hwang2017,
	author	= "Wan Hwang and Pei Zhao and SungGeun Kim and Rusen Yan and Gerhard Klimeck and Alan Seabaugh and Susan Fullerton-Shirey and Huili Xing and Debdeep Jena",
	title	= "Room-Temperature Graphene-Nanoribbon Tunneling Field-Effect Transistors",
	journal	= "npj 2D Materials and Applications",
	year	= "2017",
	note	= "submitted to npj 2D Materials and Applications ",
}
@article{1691wang2017,
	author	= "Yu Wang and Chin-Yi Chen and Gerhard Klimeck and Michelle Simmons and Rajib Rahman",
	title	= "All-electrical control of donor-bound electron spin qubits in silicon",
	journal	= "Nature Nanotechnology",
	year	= "2017",
	note	= "Nat Nanotechnol. 2017 Oct;12(10):958-962; doi: 10.1038/nnano.2017.154. Epub 2017 Aug 14.",
	url	= "https://arxiv.org/abs/1703.05370",
}
@article{1687wang2017,
	author	= "KuangChung Wang and Teodor Stanev and Daniel Valencia and James Charles and Alex Henning and Vinod Sangwan and Aritra Lahiri and Daniel Mejia and Prasad Sarangapani and Michael Povolotskyi and A. Afzalian and Jesse Maassen and Gerhard Klimeck and Mark Hersam and Lincoln Lauhon and Nathaniel Stern and Tillmann C Kubis",
	title	= "Control of interlayer delocalization in 2H transition metal dichalcogenides",
	journal	= "Journal of Applied Physics",
	year	= "2017",
	note	= "Journal of Applied Physics 122, 224302 (2017); doi:10.1063/1.5005958",
	url	= "https://arxiv.org/abs/1703.02191",
}
@article{1684geng2017,
	author	= "Junzhe Geng and Prasad Sarangapani and KuangChung Wang and Erik Nelson and Ben Browne and Carl Wordelman and James Charles and Yuanchen Chu and Tillmann C Kubis and Gerhard Klimeck",
	title	= "Quantitative Multi-Scale, Multi-Physics Quantum Transport Modeling of GaN-Based Light Emitting Diodes",
	journal	= "Phys. Status Solidi A",
	year	= "2017",
	note	= "Phys. Status Solidi A 2017, 1700662, 27 December 2017;doi:10.1002/pssa.201700662 ",
	url	= "http://onlinelibrary.wiley.com/doi/10.1002/pssa.201700662/full",
}
@article{1679chen2017,
	author	= "Fan Chen and Hesameddin Ilatikhameneh and Yaohua Tan and Daniel Valencia and Gerhard Klimeck and Rajib Rahman",
	title	= "Transport in vertically stacked hetero-structures from 2D materials",
	journal	= "IOP Journal of Physics",
	year	= "2017",
	note	= "IOP Journal of Physics: Conf. Series 864 (2017) 012053;doi:10.1088/1742-6596/864/1/012053",
}
@article{1617chen2016,
	author	= "Fan Chen and Hesameddin Ilatikhameneh and Tarek Ameen and Gerhard Klimeck and Rajib Rahman",
	title	= "Thickness Engineered Tunnel Field-Effect Transistors based on Phosphorene",
	journal	= "IEEE Electron Device Letters",
	year	= "2016",
	note	= "IEEE Electron Device Letters, Volume: 38, Issue: 1, Jan. 2017, Pages: 130 - 133;doi: 10.1109/LED.2016.2627538 ",
	url	= "https://arxiv.org/abs/1607.04065",
}
@article{1651ameen2017,
	author	= "Tarek Ameen and Hesameddin Ilatikhameneh and Jun Huang and Michael Povolotskyi and Rajib Rahman and Gerhard Klimeck",
	title	= "Combination of Equilibrium and Nonequilibrium Carrier Statistics Into an Atomistic Quantum Transport Model for Tunneling Heterojunctions",
	journal	= "",
	year	= "2017",
	note	= "IEEE Transactions on Electron Devices, Vol: 64, Issue: 6, Page(s): 2512 - 2518, June 2017; doi:10.1109/TED.2017.2690626",
	url	= "https://arxiv.org/abs/1702.01248",
}
@article{1678valencia-zapata2017,
	author	= "Gustavo Valencia-Zapata and Daniel Mejia and Gerhard Klimeck and Michael Zentner and Okan Ersoy",
	title	= "Statistical Approach for Increasing the Accuracy in Supervised Learning Algorithms",
	journal	= "The IPSI BgD Transactions on Internet Research",
	year	= "2017",
	note	= "The IPSI BgD Transactions on Internet Research. Special Issue: Machine Learning and Signal/Image Processing, 2017.",
	url	= "https://arxiv.org/pdf/1709.01439.pdf",
}
@article{1546tosi2015,
	author	= "Guilherme Tosi and Fahd Mohiyaddin and  Tenberg and Rajib Rahman and Gerhard Klimeck and Andrea Morello",
	title	= "Silicon quantum processor with robust long-distance qubit couplings",
	journal	= "Nature Communications",
	year	= "2015",
	note	= "Nature Communications 8, Article number: 450 (2017); doi:10.1038/s41467-017-00378-x",
	url	= "https://www.nature.com/articles/s41467-017-00378-x",
}
@article{1677sengupta2017,
	author	= "Parijat Sengupta and Yaohua Tan and Gerhard Klimeck and Junxia Shi",
	title	= "Low-temperature thermal transport and thermopower of monolayer transition metal dichalcogenide semiconductors",
	journal	= "JOURNAL OF PHYSICS-CONDENSED MATTER",
	year	= "2017",
	note	= "JOURNAL OF PHYSICS-CONDENSED MATTER, Vol: 29, Issue: 40, Article Number: 405701, OCT 11, 2017; doi:10.1088/1361-648X/aa8087",
	url	= "http://iopscience.iop.org/article/10.1088/1361-648X/aa8087",
}
@article{1648huang2017,
	author	= "Jun Huang and Michael Povolotskyi and Hesameddin Ilatikhameneh and Tarek Ameen and Rajib Rahman and Mark Rodwell and Pengyu Long and Gerhard Klimeck",
	title	= "A Multiscale Modeling of Triple-Heterojunction Tunneling FETs",
	journal	= "journal",
	year	= "2017",
	note	= " IEEE Transactions on Electron Devices, Volume: 64, Issue: 6, Pages: 2728 - 2735, June 2017;doi:10.1109/TED.2017.2690669",
	url	= "http://ieeexplore.ieee.org/document/7898786/",
}
@article{1650matei2017,
	author	= "Sorin Matei and Michael Zentner and Lynn Zentner and Gerhard Klimeck",
	title	= "Creating impact in the digital space: digital practice dependency in communities of digital scientific innovations",
	journal	= "Scientometrics",
	year	= "2017",
	note	= "Scientometrics, January 2017, Volume 110, Issue 1, pp 417–442;doi:10.1007/s11192-016-2106-z",
	url	= "http://download.springer.com/static/pdf/802/art%253A10.1007%252Fs11192-016-2106-z.pdf?originUrl=http%3A%2F%2Flink.springer.com%2Farticle%2F10.1007%2Fs11192-016-2106-z&token2=exp=1487347896~acl=%2Fstatic%2Fpdf%2F802%2Fart%25253A10.1007%25252Fs11192-016-2106-z.pdf%3ForiginUrl%3Dhttp%253A%252F%252Flink.springer.com%252Farticle%252F10.1007%252Fs11192-016-2106-z*~hmac=c653286e630c9570965ba273258fac81045aaea4fc7167a1f891b4daaa2fb03d",
}
@article{1649boykin2017,
	author	= "Timothy Boykin and Gerhard Klimeck",
	title	= "Insights from simple models for surface states in nanostructures",
	journal	= "European Journal of Physics",
	year	= "2017",
	note	= "European Journal of Physics, Volume 38, 025501;doi:10.1088/1361-6404/aa57ca",
	url	= "http://iopscience.iop.org/article/10.1088/1361-6404/aa57ca/pdf",
}
@article{1608huang2016,
	author	= "Jun Huang and Yu Wang and Pengyu Long and Yaohua Tan and Michael Povolotskyi and Gerhard Klimeck",
	title	= "High-Performance Complementary III-V Tunnel FETs with Strain Engineering",
	journal	= "",
	year	= "2016",
	note	= "arXiv:1605.00955",
}
@article{1647long2016,
	author	= "Pengyu Long and Jun Huang and Zhengping Jiang and Gerhard Klimeck and Mark Rodwell and Michael Povolotskyi",
	title	= "Performance degradation of superlattice MOSFETs due to scattering in the contacts",
	journal	= "Journal of Applied Physics",
	year	= "2016",
	volume	= "120",
	number	= "22",
	note	= "Journal of Applied Physics, Vol 120, 224501, December 2016;doi: 10.1063/1.4971341",
	url	= "http://aip.scitation.org/doi/abs/10.1063/1.4971341",
}
@article{1641charles2016,
	author	= "James Charles and Prasad Sarangapani and Roksana Golizadeh-Mojarad and Robert Andrawis and Daniel Lemus and Xinchen Guo and Daniel Mejia and Jim Fonseca and Michael Povolotskyi and Tillmann C Kubis and Gerhard Klimeck",
	title	= "Incoherent transport in NEMO5: realistic and efficient scattering on phonons",
	journal	= "",
	year	= "2016",
	note	= "Journal of Computational Electronics, pp 1–7, 2016; doi:10.1007/s10825-016-0845-y",
}
@article{1624huang2016,
	author	= "Jun Huang and Pengyu Long and Michael Povolotskyi and Gerhard Klimeck and Mark Rodwell",
	title	= "Scalable GaSb/InAs tunnel FETs with non-uniform body thickness",
	journal	= "",
	year	= "2016",
	note	= "IEEE Transactions on Electron Devices, Volume: 64, Issue: 1, Pages: 96 - 101, Jan. 2017; doi: 10.1109/TED.2016.2624744 ",
	url	= "https://arxiv.org/abs/1607.04896",
}
@article{1609huang2016,
	author	= "Jun Huang and Pengyu Long and Michael Povolotskyi and Gerhard Klimeck and Mark Rodwell",
	title	= "P-Type Tunnel FETs With Triple Heterojunctions",
	journal	= "",
	year	= "2016",
	note	= " IEEE Journal of the Electron Devices Society, Volume: 4, Issue: 6, Page(s): 410 - 415, Nov. 2016; doi:10.1109/JEDS.2016.2614915 ",
	url	= "https://arxiv.org/abs/1605.07166",
}
@article{1588wang2016,
	author	= "Yu Wang and Chin-Yi Chen and Gerhard Klimeck and Michelle Simmons and Rajib Rahman",
	title	= "Characterizing Si:P quantum dot qubits with spin resonance techniques",
	journal	= "",
	year	= "2016",
	note	= "Scientific Reports 6, Article number: 31830 (2016); doi:10.1038/srep31830",
}
@article{1637miao2016,
	author	= "Kai Miao and S. Sadasivam and James Charles and Gerhard Klimeck and Timothy Fisher and Tillmann C Kubis",
	title	= "Büttiker probes for dissipative phonon quantum transport in semiconductor ",
	journal	= "",
	year	= "2016",
	note	= "APPLIED PHYSICS LETTERS 108, 113107 (2016); doi:10.1063/1.4944329",
	url	= "http://arxiv.org/abs/1508.06657",
}
@article{1636kubis2016,
	author	= "Tillmann C Kubis and Yu He and Robert Andrawis and Gerhard Klimeck",
	title	= "General Retarded Contact Self-energies in and beyond the Non-equilibrium Green’s Function Method",
	journal	= "Journal of Physics",
	year	= "2016",
	note	= "Journal of Physics: Conference Series Volume 696, conference 1, 012019 (2016)",
}
@article{1635he2016,
	author	= "Yu He and Yaohua Tan and Zhengping Jiang and Michael Povolotskyi and Gerhard Klimeck and Tillmann C Kubis",
	title	= "Surface Passivation in Empirical Tight Binding",
	journal	= "IEEE TRANSACTIONS ON ELECTRON DEVICES",
	year	= "2016",
	note	= "IEEE TRANSACTIONS ON ELECTRON DEVICES VOL. 63,  Issue: 3, Page(s): 954 - 958, February (2016); doi:10.1109/TED.2016.2519042",
	url	= "http://arxiv.org/abs/1507.08712",
}
@article{1623tan2016,
	author	= "Yaohua Tan and Michael Povolotskyi and Tillmann C Kubis and Timothy Boykin and Gerhard Klimeck",
	title	= "Transferable tight-binding model for strained group IV and III-V materials and heterostructures",
	journal	= "PHYSICAL REVIEW B",
	year	= "2016",
	note	= "PHYSICAL REVIEW B 94, 045311 (2016), published 21 July 2016; doi:10.1103/PhysRevB.94.045311",
}
@article{1616ilatikhameneh2016,
	author	= "Hesameddin Ilatikhameneh and Tarek Ameen and Bozidar Novakovic and Yaohua Tan and Gerhard Klimeck and Rajib Rahman",
	title	= "Saving Moore's Law Down To 1nm Channels With Anisotropic Effective Mass",
	journal	= "Scientific Reports",
	year	= "2016",
	note	= "Scientific Reports 6, Article number: 31501 ; doi: 10.1038/srep31501 (2016)",
	url	= "http://arxiv.org/abs/1605.03979",
}
@article{1612salmani-jelodar2016,
	author	= "Mehdi Salmani-Jelodar and Hesameddin Ilatikhameneh and SungGeun Kim and Kwok Ng and Prasad Sarangapani and Gerhard Klimeck",
	title	= "Optimum High-k Oxide for the Best Performance of Ultra-scaled Double-Gate MOSFETs",
	journal	= "IEEE Transactions on Nanotechnology",
	year	= "2016",
	note	= "IEEE Transactions on Nanotechnology (2016); doi:10.1109/TNANO.2016.2583411",
}
@article{1573ameen2016,
	author	= "Tarek Ameen and Hesameddin Ilatikhameneh and Gerhard Klimeck and Rajib Rahman",
	title	= "Few-layer Phosphorene: An Ideal 2D Material For Tunnel Transistors",
	journal	= "",
	year	= "2016",
	note	= "Scientific Reports 6, Article number: 28515 (2016);doi:10.1038/srep28515",
	url	= "http://arxiv.org/abs/1512.05021",
}
@article{1591ilatikhameneh2016,
	author	= "Hesameddin Ilatikhameneh and Gerhard Klimeck and Joerg Appenzeller and Rajib Rahman",
	title	= "Design Rules for High Performance Tunnel Transistors from 2D Materials",
	journal	= "",
	year	= "2016",
	note	= "IEEE Journal of Electron Device Society (J-EDS), Volume: 4, Issue: 5, Page(s): 260 - 265, Sept. 2016 ; doi:10.1109/JEDS.2016.2568219",
	url	= "http://arxiv.org/abs/1603.09402",
}
@article{1552ilatikhameneh2015,
	author	= "Hesameddin Ilatikhameneh and Tarek Ameen and Gerhard Klimeck and Rajib Rahman",
	title	= "Universal Behavior of Atomistic Strain in Self-Assembled Quantum Dots",
	journal	= "",
	year	= "2015",
	note	= "IEEE JOURNAL OF QUANTUM ELECTRONICS, vol. 52, no. 7, july 2016; doi:10.1109/JQE.2016.2573959",
	url	= "http://ieeexplore.ieee.org/xpl/articleDetails.jsp?arnumber=7480361",
}
@article{1551ilatikhameneh2016,
	author	= "Hesameddin Ilatikhameneh and Ramon Salazar and Gerhard Klimeck and Rajib Rahman and Joerg Appenzeller",
	title	= "From Fowler-Nordheim to Non-Equilibrium Green's Function Modeling of Tunneling",
	journal	= "",
	year	= "2016",
	note	= "IEEE Transactions on Electron Devices, Volume:63 , Issue: 7, July 2016; doi:10.1109/TED.2016.2565582",
	url	= "http://ieeexplore.ieee.org/xpl/articleDetails.jsp?arnumber=7478047&filter%3DAND%28p_IS_Number%3A7494744%29%26rowsPerPage%3D75",
}
@article{1581mohiyaddin2016,
	author	= "Fahd Mohiyaddin and Rachpon Kalra and Arne Laucht and Rajib Rahman and Gerhard Klimeck and Andrea Morello",
	title	= "Transport of Spin Qubits with Donor Chains under Realistic Experimental Conditions",
	journal	= "",
	year	= "2016",
	note	= "PHYSICAL REVIEW B 94, 045314 (2016), published 25 July 2016; doi:10.1103/PhysRevB.94.045314",
	url	= "http://arxiv.org/abs/1602.07058",
}
@article{1549chen2015,
	author	= "Fan Chen and Hesameddin Ilatikhameneh and Gerhard Klimeck and zhihong chen and Rajib Rahman",
	title	= "Configurable Electrostatically Doped High Performance Bilayer Graphene Tunnel FET",
	journal	= "",
	year	= "2015",
	note	= " IEEE Journal of the Electron Devices Society, Volume:4 ,Issue: 3, Page(s): 124 - 128, May 2016; doi:10.1109/JEDS.2016.2539919",
	url	= "https://arxiv.org/abs/1509.03593",
}
@article{1574usman2016,
	author	= "Muhammad Usman and Juanita​ Bocquel and Joe Salfi and Benoit Voisin and Archana Tankasala and Rajib Rahman and Michelle Simmons and Sven Rogge and Lloyd Hollenberg",
	title	= "Spatial Metrology of Dopants in Silicon with Exact Lattice Site Precision",
	journal	= "",
	year	= "2016",
	note	= "Nature Nanotechnology 11, 763–768 (2016);doi:10.1038/nnano.2016.83",
	url	= "http://arxiv.org/abs/1601.02326",
}
@article{1597long2016,
	author	= "Pengyu Long and Jun Huang and Michael Povolotskyi and Gerhard Klimeck",
	title	= "High-Current Tunneling FETs With ( 1\bar {1}0 ) Orientation and a Channel Heterojunction",
	journal	= "",
	year	= "2016",
	note	= "IEEE Electron Device Letters, Volume:37 ,  Issue: 3, Page(s): 345 - 348, March 2016; doi:10.1109/LED.2016.2523269 ",
	url	= "http://ieeexplore.ieee.org/xpl/abstractAuthors.jsp?arnumber=7394097",
}
@article{1589boykin2016,
	author	= "Timothy Boykin and Arvind Ajoy and Hesameddin Ilatikhameneh and Michael Povolotskyi and Gerhard Klimeck",
	title	= "Unfolding and effective bandstructure calculations as discrete real-and reciprocal-space operations",
	journal	= "",
	year	= "2016",
	note	= "Physica B: Condensed Matter, Volume 491, 15 June 2016, Pages 22–30; doi:10.1016/j.physb.2016.03.011",
	url	= "https://engineering.purdue.edu/gekcogrp/publications/pubs_src/DOC1589_1-s2.0-S0921452616300801-main.pdf",
}
@article{1587nohadani2016,
	author	= "Omid Nohadani and Jocelyn Dunn and Gerhard Klimeck",
	title	= "Categorizing Users of Cloud Services",
	journal	= "",
	year	= "2016",
	note	= "Service Science, Volume 8 Issue 1, March 2016, In Progress, pp. 59-70",
	url	= "https://pubsonline.informs.org/doi/pdf/10.1287/serv.2016.0128",
}
@article{1524wang2016,
	author	= "Yu Wang and Archana Tankasala and Lloyd Hollenberg and Gerhard Klimeck and Michelle Simmons and Rajib Rahman",
	title	= "Highly tunable exchange in donor qubits in silicon",
	journal	= "",
	year	= "2016",
	note	= "npj Quantum Information 2, 16008 (2016);doi:10.1038/npjqi.2016.8",
	url	= "http://arxiv.org/abs/1507.08009",
}
@article{1523salfi2016,
	author	= "Joe Salfi and J. Mol and Rajib Rahman and Gerhard Klimeck and Michelle Simmons and Lloyd Hollenberg and Sven Rogge",
	title	= "Quantum simulation of the Hubbard model with dopant atoms in silicon",
	journal	= "",
	year	= "2016",
	note	= "Nature Communications 7, 11342, 20 April 2016; doi:10.1038/ncomms11342",
	url	= "http://arxiv.org/abs/1507.06125",
}
@article{1571long2016,
	author	= "Pengyu Long and Evan Wilson and Jun Huang and Gerhard Klimeck and Mark Rodwell and Michael Povolotskyi",
	title	= "Design and Simulation of GaSb/InAs 2D Transmission-Enhanced Tunneling FETs",
	journal	= "",
	year	= "2016",
	note	= "IEEE ELECTRON DEVICE LETTERS, VOL: 37, Issue: 1, Pages: 107 - 110, JANUARY 2016; doi:10.1109/LED.2015.2497666",
	url	= "http://ieeexplore.ieee.org/stamp/stamp.jsp?arnumber=7317763",
}
@article{1568jiang2016,
	author	= "Zhengping Jiang and Yeqing Lu and Yaohua Tan and Yu H and Michael Povolotskyi and Tillmann C Kubis and Alan Seabaugh and Patrick Fay and Gerhard Klimeck",
	title	= "Quantum Transport in AlGaSb/InAs TFETs With Gate Field In-Line With Tunneling Direction",
	journal	= "",
	year	= "2016",
	note	= "IEEE TRANSACTIONS ON ELECTRON DEVICES, VOL. 62, Issue: 8, Page(s): 2445 - 2449, AUGUST 2015; doi: 10.1109/TED.2015.2443564",
}
@article{1564andrawis2015,
	author	= "Robert Andrawis and Jose Bermeo and James Charles and Jianbin Fang and Jim Fonseca and Yu He and Gerhard Klimeck and Zhengping Jiang and Tillmann C Kubis and Daniel Mejia and Daniel Lemus and Michael Povolotskyi and Santiago Rubiano and Prasad Sarangapani and Lang Zeng",
	title	= "NEMO5: Achieving High-end Internode Communication for Performance Projection Beyond Moore's Law",
	journal	= "",
	year	= "2015",
	note	= "arXiv:1510.04686",
}
@article{1553rahman2015,
	author	= "Rajib Rahman and Jan Verduijn and Yu Wang and Chunming Yin and Gabriele Boo and Gerhard Klimeck and Sven Rogge",
	title	= "Bulk and sub-surface donor bound excitons in silicon under electric fields",
	journal	= "",
	year	= "2015",
	note	= "arXiv:1510.00065",
}
@article{1513ameen2015,
	author	= "Tarek Ameen and Hesameddin Ilatikhameneh and Yuling Hsueh and James Charles and Jim Fonseca and Michael Povolotskyi and Jun Kim and Sanjay Krishna and Monica Allen and Jeffery Allen and Brett Wenner and Rajib Rahman and Gerhard Klimeck",
	title	= "Theoretical study of strain-dependent optical absorption in Stranski-Krastanov grown InAs/InGaAs/GaAs/AlGaAs quantum dots",
	journal	= "arXiv preprint arXiv:1502.07726",
	year	= "2015",
	note	= "arXiv:1502.07726",
	url	= "https://arxiv.org/abs/1502.07726",
}
@article{1580chen2015,
	author	= "Long-Qing Chen and Li-Dong Chen and Sergei Kalinin and Gerhard Klimeck and Sanat Kumar and Jörg Neugebauer and Ichiro Terasaki",
	title	= "Design and discovery of materials guided by theory and computation",
	journal	= "",
	year	= "2015",
	note	= "npj Computational Materials 1, Article number: 15007 (2015);doi:10.1038/npjcompumats.2015.7",
}
@article{1550ilatikhameneh2015,
	author	= "Hesameddin Ilatikhameneh and Gerhard Klimeck and Rajib Rahman",
	title	= "Can Homojunction Tunnel FETs Scale Below 10nm?",
	journal	= "",
	year	= "2015",
	note	= "IEEE ELECTRON DEVICE LETTERS, vol. 37, Issue: 1, Page(s): 115-118, January, 2016; doi:10.1109/LED.2015.2501820",
	url	= "http://ieeexplore.ieee.org/stamp/stamp.jsp?tp=&arnumber=7331599",
}
@article{1567chu2015,
	author	= "Tao Chu and Hesameddin Ilatikhameneh and Gerhard Klimeck and Rajib Rahman and zhihong chen",
	title	= "Electrically Tunable Bandgaps in Bilayer MoS2",
	journal	= "",
	year	= "2015",
	note	= "Nano Lett., 2015, 15 (12), pp 8000–8007; DOI: 10.1021/acs.nanolett.5b03218",
}
@article{1565salazar2015,
	author	= "Ramon Salazar and Hesameddin Ilatikhameneh and Rajib Rahman and Gerhard Klimeck and Joerg Appenzeller",
	title	= "A predictive analytic model for high-performance tunneling field-effect transistors approaching non-equilibrium Green's function simulations",
	journal	= "",
	year	= "2015",
	note	= "Journal of Applied Physics, 118, 164305 (2015); doi:10.1063/1.4934682A ",
}
@article{1521ilatikhameneh2015,
	author	= "Hesameddin Ilatikhameneh and Tarek Ameen and Gerhard Klimeck and Joerg Appenzeller and Rajib Rahman",
	title	= "Dielectric Engineered Tunnel Field-Effect Transistor",
	journal	= "",
	year	= "2015",
	note	= "IEEE ELECTRON DEVICE LETTERS, vol. 36, Issue: 10, Page(s): 1097-1100, October, 2015; doi:10.1109/LED.2015.2474147",
}
@article{1543chen2015,
	author	= "Fan Chen and Luis Jauregui and Yaohua Tan and Michael Manfra and Yong Chen and Gerhard Klimeck and Tillmann C Kubis",
	title	= "In-surface confinement of topological insulator nanowire surface states",
	journal	= "arXiv preprint arXiv:1505.04153",
	year	= "2015",
	note	= "Appl. Phys. Lett., vol. 107, no. 12, pp. 121605, Sep. 2015; doi:10.1063/1.4931975",
}
@article{1525sengupta2015,
	author	= "Parijat Sengupta and Hoon Ryu and Sunhee Lee and Yaohua Tan and Gerhard Klimeck",
	title	= "Numerical guidelines for setting up a k.p simulator with applications to quantum dot heterostructures and topological insulators",
	journal	= "",
	year	= "2015",
	note	= "Journal of Computational Electronics, 02 Aug 2015; doi:10.1007/s10825-015-0729-6",
}
@article{1488tan2015,
	author	= "Yaohua Tan and Michael Povolotskyi and Tillmann C Kubis and Timothy Boykin and Gerhard Klimeck",
	title	= "Tight-binding analysis of Si and GaAs ultrathin bodies with subatomic wave-function resolution",
	journal	= "",
	year	= "2015",
	note	= "Phys. Rev. B 92, 085301 – Published 4 August 2015; doi:10.1103/PhysRevB.92.085301",
	url	= "https://engineering.purdue.edu/gekcogrp/research-group/YaohuaTan/utb.php",
}
@article{1483sengupta2015,
	author	= "Parijat Sengupta and Gerhard Klimeck and Enrico Bellotti",
	title	= "The evaluation of non-topological components in Berry phase and momentum relaxation time in a gapped 3D topological insulator",
	journal	= "",
	year	= "2015",
	note	= "J. Phys.: Condens. Matter 27 (2015) 335505; doi:10.1088/0953-8984/27/33/335505",
}
@article{1515usman2015,
	author	= "Muhammad Usman and C. Hill and Rajib Rahman and Gerhard Klimeck and Michelle Simmons and Sven Rogge and Lloyd Hollenberg",
	title	= "Strain and electric field control of hyperfine interactions for donor spin qubits in silicon",
	journal	= "arXiv preprint arXiv:1504.06370",
	year	= "2015",
	note	= "PHYSICAL REVIEW B 91, 245209 (2015), Published 25 June 2015; doi:10.1103/PhysRevB.91.245209",
}
@article{1514usman2015,
	author	= "Muhammad Usman and Rajib Rahman and Joe Salfi and Juanita​ Bocquel and Benoit Voisin and Sven Rogge and Gerhard Klimeck and Lloyd Hollenberg",
	title	= "Donor hyperfine Stark shift and the role of central-cell corrections in tight-binding theory",
	journal	= "Journal of Physics: Condensed Matter",
	year	= "2015",
	volume	= "27",
	number	= "15",
	note	= "Journal of Physics: Condensed Matter, 27 (2015) 154207 (7pp); doi:10.1088/0953-8984/27/15/154207",
}
@article{1485ilatikhameneh2015,
	author	= "Hesameddin Ilatikhameneh and Gerhard Klimeck and Joerg Appenzeller and Rajib Rahman",
	title	= "Scaling Theory of Electrically Doped 2D Transistors",
	journal	= "",
	year	= "2015",
	note	= "IEEE Electron Device Letters, vol. 36, Issue: 7, Page(s): 726-728, July 2015; doi:10.1109/LED.2015.2436356",
}
@article{1486mol2015,
	author	= "J. Mol and Joe Salfi and Rajib Rahman and Yuling Hsueh and Jill Miwa and Gerhard Klimeck and Michelle Simmons and Sven Rogge",
	title	= "Interface-induced heavy-hole/light-hole splitting of acceptors in silicon",
	journal	= "Applied Physics Letters",
	year	= "2015",
	volume	= "106",
	number	= "20",
	note	= "Appl. Phys. Lett. 106, 203110 (2015); doi:10.1063/1.4921640",
}
@article{1491vedula2015,
	author	= "Ravi Vedula and Saumitra Mehrotra and Tillmann C Kubis and Michael Povolotskyi and Gerhard Klimeck and Alejandro Strachan",
	title	= "Optimal Ge/SiGe nanofin geometries for hole mobility enhancement: Technology limit from atomic simulations",
	journal	= "Journal of Applied Physics",
	year	= "2015",
	volume	= "117",
	number	= "17",
	note	= "J. Appl. Phys. 117, 174312 (2015); doi:10.1063/1.4919091",
}
@article{1487li2015,
	author	= "Wenjun Li and Saima Sharmin and Hesameddin Ilatikhameneh and Rajib Rahman and Yeqing Lu and Jingshan Wang and Xiaodong Yan and Alan Seabaugh and Gerhard Klimeck and Debdeep Jena and Patrick Fay",
	title	= "Polarization-Engineered III-Nitride Heterojunction Tunnel Field-Effect Transistors",
	journal	= "",
	year	= "2015",
	note	= "IEEE Journal of Exploratory Solid-State Computational Devices and Circuits, Volume:1, Pages: 28 - 34, Dec. 2015; doi:10.1109/JXCDC.2015.2426433 ",
}
@article{1484ilatikhameneh2015,
	author	= "Hesameddin Ilatikhameneh and Bozidar Novakovic and Yaohua Tan and Gerhard Klimeck and Rajib Rahman and Joerg Appenzeller",
	title	= "Tunnel field effect transistors in two dimensional transition metal dichalcogenides",
	journal	= "",
	year	= "2015",
	note	= "IEEE Journal on Exploratory Solid-State Computational Devices and Circuits, vol. 1, Page(s):12-18 , 14 April 2015 ; doi:10.1109/JXCDC.2015.2423096",
}
@article{1482laucht2015,
	author	= "Arne Laucht and Juha Muhonen and Fahd Mohiyaddin and Rachpon Kalra and Juan Dehollain and Solomon Freer and Fay Hudson and Menno Veldhorst and Rajib Rahman and Gerhard Klimeck and Kohei Itoh and David Jamieson and Jeffrey McCallum and Andrew Dzurak and Andrea Morello",
	title	= "Electrically controlling single-spin qubits in a continuous microwave field",
	journal	= "Science Advances",
	year	= "2015",
	volume	= "1",
	number	= "3",
	note	= "Science Advances 10 Apr 2015: Vol. 1 no. 3 e1500022; doi:10.1126/sciadv.1500022 ",
}
@article{1478jiang2015,
	author	= "Zhengping Jiang and Behtash Behin-Aein and Zoran Krivokapic and Michael Povolotskyi and Gerhard Klimeck",
	title	= "Tunneling and Short Channel Effects in Ultrascaled InGaAs Double Gate MOSFETs",
	journal	= "Electron Devices, IEEE Transactions on",
	year	= "2015",
	volume	= "62",
	number	= "2",
	note	= "IEEE Transactions on  Electron Devices, Volume:62, Issue: 2, Page(s): 525 - 531, Feb. 2015; doi:10.1109/TED.2014.2383392",
}
@article{1479sengupta2015,
	author	= "Parijat Sengupta and Gerhard Klimeck",
	title	= "The influence of proximity induced ferromagnetism, superconductivity and Fermi-velocity on evolution of Berry phase in Bi2Se3 topological insulator",
	journal	= "Semiconductor Science and Technology",
	year	= "2015",
	volume	= "30",
	number	= "4",
	note	= "Semicond. Sci. Technol. Volume:30, 045004; doi:10.1088/0268-1242/30/4/045004",
}
@article{1477salmani-jelodar2015,
	author	= "Mehdi Salmani-Jelodar and Saumitra Mehrotra and Hesameddin Ilatikhameneh and Gerhard Klimeck",
	title	= "Design Guidelines for Sub-12 nm Nanowire MOSFETs",
	journal	= "Nanotechnology, IEEE Transactions on",
	year	= "2015",
	volume	= "14",
	number	= "2",
	note	= "IEEE Transactions on Nanotechnology, vol. 14, Issue: 2, Page(s): 210 - 213, March 2015; doi: 10.1109/TNANO.2015.2395441",
}
@article{1472sengupta2015,
	author	= "Parijat Sengupta and Tillmann C Kubis and Yaohua Tan and Gerhard Klimeck",
	title	= "Proximity induced ferromagnetism, superconductivity, and finite-size effects on the surface states of topological insulator nanostructures",
	journal	= "arXiv preprint arXiv:1408.6274",
	year	= "2015",
	volume	= "117",
	number	= "4",
	note	= "J. Appl. Phys. 117, 044304 (2015); doi:10.1063/1.4906842",
}
@article{1517weber2014,
	author	= "Bent Weber and Yui-Hong Matthias Tan and Gerhard Klimeck and Michelle Simmons",
	title	= "Limits to Metallic Conduction in Atomic-Scale Quasi-One-Dimensional Silicon Wires",
	journal	= "Physical review letters",
	year	= "2014",
	volume	= "113",
	number	= "24",
	note	= "Phys. Rev. Lett. 113, 246802 – Published 10 December 2014; doi:10.1103/PhysRevLett.113.246802",
}
@article{1468long2014,
	author	= "Pengyu Long and Michael Povolotskyi and Bozidar Novakovic and Tillmann C Kubis and Gerhard Klimeck and Mark Rodwell",
	title	= "Design and Simulation of Two-dimensional Superlattice Steep Transistors",
	journal	= "Electron Device Letters, IEEE",
	year	= "2014",
	volume	= "35",
	number	= "12",
	note	= "IEEE ELECTRON DEVICE LETTERS., vol. 35, Issue: 12, Page(s): 1212 - 1214, Dec. 2014; doi:10.1109/LED.2014.2364593",
}
@article{1467kuroda2014,
	author	= "Marcelo Kuroda and Zhengping Jiang and Michael Povolotskyi and Gerhard Klimeck and Dennis Newns and Glenn Martyna",
	title	= "Anisotropic strain in SmSe and SmTe: Implications for electronic transport",
	journal	= "Physical Review B",
	year	= "2014",
	volume	= "90",
	number	= "24",
	note	= "Phys. Rev. B 90, 245124, Published 15 December 2014; doi:10.1103/PhysRevB.90.245124",
}
@article{1466he2014,
	author	= "Yu He and Yu Wang and Gerhard Klimeck and Tillmann C Kubis",
	title	= "Non-equilibrium Green's functions method: Non-trivial and disordered leads",
	journal	= "Applied Physics Letters",
	year	= "2014",
	volume	= "105",
	number	= "21",
	note	= "Appl. Phys. Lett. 105, 213502 (2014); doi:10.1063/1.4902504",
	url	= "http://scitation.aip.org/content/aip/journal/apl/105/21/10.1063/1.4902504",
}
@article{1465boykin2014,
	author	= "Timothy Boykin and Arvind Ajoy and Hesameddin Ilatikhameneh and Michael Povolotskyi and Gerhard Klimeck",
	title	= "Brillouin zone unfolding method for effective phonon spectra",
	journal	= "Physical Review B",
	year	= "2014",
	volume	= "90",
	number	= "20",
	note	= "PHYSICAL REVIEW B 90, 205214 (2014); doi:10.1103/PhysRevB.90.205214",
	url	= "http://journals.aps.org/prb/pdf/10.1103/PhysRevB.90.205214",
}
@article{1462pla2014,
	author	= "Jarryd Pla and Fahd Mohiyaddin and Kuan Tan and Juan Dehollain and Rajib Rahman and Gerhard Klimeck and David Jamieson and Andrew Dzurak and Andrea Morello",
	title	= "Coherent Control of a Single Silicon-29 Nuclear Spin Qubit",
	journal	= "arXiv preprint arXiv:1408.1347",
	year	= "2014",
	note	= "Phys. Rev. Lett. 113, 246801, Published 9 December 2014; doi:10.1103/PhysRevLett.113.246801",
}
@article{1448ryu2014,
	author	= "Hoon Ryu and Sunhee Lee and Martin Fuechsle and Jill Miwa and Suddhasatta Mahapatra and Lloyd Hollenberg and Michelle Simmons and Gerhard Klimeck",
	title	= "A Tight-Binding Study of Single-Atom Transistors",
	journal	= "Small",
	year	= "2014",
	volume	= "11",
	number	= "3",
	note	= "Small, Volume 11, Issue 3 January 21, 2015  Pages 374–381;  doi: 10.1002/smll.201400724",
}
@article{1446hsueh2014,
	author	= "Yuling Hsueh and Holger Buch and Yaohua Tan and Yu Wang and Lloyd Hollenberg and Gerhard Klimeck and Michelle Simmons and Rajib Rahman",
	title	= "Spin-lattice relaxation times of single donors and donor clusters in silicon",
	journal	= "Physical review letters",
	year	= "2014",
	volume	= "113",
	number	= "24",
	note	= "Phys. Rev. Lett. 113, 246406,  Published 11 December 2014; doi:10.1103/PhysRevLett.113.246406",
}
@article{1417salmani-jelodar2014,
	author	= "Mehdi Salmani-Jelodar and S. Kim and K.  and Gerhard Klimeck",
	title	= "Transistor roadmap projection using predictive full-band atomistic modeling",
	journal	= "Applied Physics Letters",
	year	= "2014",
	volume	= "105",
	number	= "8",
	note	= "Appl. Phys. Lett. 105, 083508 , published online 28 August 2014; doi:10.1063/1.4894217 ",
}
@article{1405boykin2014,
	author	= "Timothy Boykin and A. Ajoy and Hesameddin Ilatikhameneh and Michael Povolotskyi and Gerhard Klimeck",
	title	= "Brillouin zone unfolding method for effective phonon spectra",
	journal	= "Physical Review B",
	year	= "2014",
	volume	= "90",
	number	= "20",
	note	= "submitted to Physical Review B, arXiv:1407.4598 [cond-mat.mes-hall]",
	url	= "http://arxiv.org/abs/1407.4598",
}
@article{1404zentner2014,
	author	= "Lynn Zentner and Michael Zentner and Victoria Farnsworth and Michael McLennan and Krishna Madhavan and Gerhard Klimeck",
	title	= "nanoHUB.org: Experiences and Challenges in Software Sustainability for a Large Scientific Community",
	journal	= "arXiv preprint arXiv:1309.1805",
	year	= "2014",
	note	= "Published on 9 July 2014, Journal of Open Research Software, Volume: 2,  Issue: 1: e19, pp. 1-5; doi: 10.5334/jors.bd",
	url	= "http://arxiv.org/abs/1309.1805",
}
@article{1401kim2014,
	author	= "SungGeun Kim and Mathieu Luisier and Timothy Boykin and Gerhard Klimeck",
	title	= "Computational study of heterojunction graphene nanoribbon tunneling transistors with p-d orbital tight-binding method",
	journal	= "Applied Physics Letters",
	year	= "2014",
	volume	= "104",
	number	= "24",
	note	= "Appl. Phys. Lett. 104, 243113 (2014); doi: 10.1063/1.4884199",
	url	= "http://scitation.aip.org/content/aip/journal/apl/104/24/10.1063/1.4884199",
}
@article{1392razavieh2014,
	author	= "Ali Razavieh and Parsian Mohseni and Kyooho Jung and Saumitra Mehrotra and Saptarshi Das and Sergey Suslov and Xiuling Li and Gerhard Klimeck and David Janes and Joerg Appenzeller",
	title	= "Effect of Diameter Variation on Electrical Characteristics of Schottky Barrier Indium Arsenide Nanowire Field Effect Transistors",
	journal	= "ACS nano",
	year	= "2014",
	volume	= "8",
	number	= "6",
	note	= "ACS Nano, Publication Date (Web): 21 May 2014; doi: 10.1021/nn5017567  ",
}
@article{1390weber2014,
	author	= "Bent Weber and Yui-Hong Matthias Tan and Suddhasatta Mahapatra and Thomas Watson and Hoon Ryu and Rajib Rahman and Lloyd Hollenberg and Gerhard Klimeck and Michelle Simmons",
	title	= "Spin blockade and exchange in Coulomb-confined silicon double quantum dots",
	journal	= "Nature nanotechnology",
	year	= "2014",
	volume	= "9",
	number	= "6",
	note	= "Nature Nanotechnology 9, 430–435 (2014), Published online 13 April 2014; doi:10.1038/nnano.2014.63",
	url	= "http://docs.lib.purdue.edu/nanopub/1626/",
}
@article{1389hegde2014,
	author	= "Ganesh Hegde and Michael Povolotskyi and Tillmann C Kubis and Timothy Boykin and Gerhard Klimeck",
	title	= "An environment-dependent semi-empirical tight binding model suitable for electron transport in bulk metals, metal alloys, metallic interfaces, and metallic nanostructures. I. Model and validation",
	journal	= "arXiv preprint arXiv:1311.6082",
	year	= "2014",
	volume	= "115",
	number	= "12",
	note	= "JOURNAL OF APPLIED PHYSICS 115, 123703 (2014), published online 25 March 2014; doi: 10.1063/1.4868977",
	url	= "https://engineering.purdue.edu/gekcogrp/publications/pubs_src/DOC1389_1.4868977.pdf",
}
@article{1388salfi2014,
	author	= "Joe Salfi and J. Mol and Rajib Rahman and Gerhard Klimeck and Michelle Simmons and Lloyd Hollenberg and Sven Rogge",
	title	= "Spatially resolving valley quantum interference of a donor in silicon",
	journal	= "Nature materials",
	year	= "2014",
	volume	= "13",
	number	= "6",
	note	= "Nature Materials 13, 605–610 (2014), Published online 06 April 2014; doi:10.1038/nmat3941",
}
@article{1386hegde2014,
	author	= "Ganesh Hegde and Michael Povolotskyi and Tillmann C Kubis and James Charles and Gerhard Klimeck",
	title	= "An Environment-dependent Semi-Empirical Tight Binding Model Suitable for Electron Transport in Bulk Metals, Metal Alloys, Metallic Interfaces and Metallic Nanostructures II - Effect of Confinement and Homogeneous Strain on Cu Conductance",
	journal	= "",
	year	= "2014",
	note	= "J. Appl. Phys. 115, 123703 (2014); doi: 10.1063/1.4868977",
}
@article{1385jirauschek2014,
	author	= "Christian Jirauschek and Tillmann C Kubis",
	title	= "Modeling techniques for quantum cascade lasers",
	journal	= "Applied Physics Reviews",
	year	= "2014",
	volume	= "1",
	number	= "1",
	note	= "Appl. Phys. Rev. 1, 011307, published online 21 February  (2014); doi: 10.1063/1.4863665",
}
@article{1382rajamohanan2013,
	author	= "Bijesh Rajamohanan and Dheeraj Mohata and Yan Zhu and Mantu Hudait and Zhengping Jiang and Matthew Hollander and Gerhard Klimeck and Suman Datta",
	title	= "Design, fabrication, and analysis of p-channel arsenide/antimonide hetero-junction tunnel transistors",
	journal	= "Journal of Applied Physics",
	year	= "2013",
	volume	= "115",
	number	= "4",
	note	= "Published online 23 January 2014, J. Appl. Phys. 115, 044502 (2014); doi: 10.1063/1.4862042",
	url	= "http://scitation.aip.org/content/aip/journal/jap/115/4/10.1063/1.4862042 ",
}
@article{1748samek2013,
	author	= "Anya Samek and Gerhard Klimeck",
	title	= "A Field Experiment on Using Messaging and Virtual Rewards to Increase User Participation on NanoHUB.org",
	journal	= "",
	year	= "2013",
	note	= "(May 13, 2013). Available at SSRN: https://ssrn.com/abstract=2344049 or http://dx.doi.org/10.2139/ssrn.2344049",
	url	= "https://papers.ssrn.com/sol3/papers.cfm?abstract_id=2344049",
}
@article{1464madhavan2013,
	author	= "Krishna Madhavan and Lynn Zentner and Victoria Farnsworth and Swaroop Shivarajapura and Michael Zentner and Nathan Denny and Gerhard Klimeck",
	title	= "nanoHUB.org: cloud-based services for nanoscale modeling, simulation, and education",
	journal	= "Nanotechnology Reviews",
	year	= "2013",
	volume	= "2",
	number	= "1",
	note	= "Nanotechnology Reviews. Volume 2, Issue 1, Pages 107–117, ISSN (Online) 2191-9097, ISSN (Print) 2191-9089, January 2013; doi: 10.1515/ntrev-2012-0043 ",
	url	= "https://www.degruyter.com/downloadpdf/j/ntrev.2013.2.issue-1/ntrev-2012-0043/ntrev-2012-0043.pdf",
}
@article{1387vasileska2013,
	author	= "Dragica Vasileska and Gerhard Klimeck and Alejandra Magana and S. Goodnick",
	title	= "Tool-Based Curricula and Visual Learning",
	journal	= "Electronics",
	year	= "2013",
	volume	= "17",
	number	= "2",
	note	= "ELECTRONICS, VOL. 17, NO. 2, DECEMBER 2013",
	url	= "https://engineering.purdue.edu/gekcogrp/publications/pubs_src/DOC1387_xPaper_05.pdf",
}
@article{1374madhavan2013,
	author	= "Krishna Madhavan and Michael Zentner and Gerhard Klimeck",
	title	= "Learning and research in the cloud",
	journal	= "Nature nanotechnology",
	year	= "2013",
	volume	= "8",
	number	= "11",
	note	= "Published online 07 November 2013, Nature Nanotechnology 8, 786–789 (2013); doi:10.1038/nnano.2013.231",
	url	= "https://engineering.purdue.edu/gekcogrp/publications/pubs_src/DOC1374_nnano.2013.231.pdf",
}
@article{1364fonseca2013,
	author	= "Jim Fonseca and Tillmann C Kubis and Michael Povolotskyi and Bozidar Novakovic and A. Ajoy and Ganesh Hegde and Hesameddin Ilatikhameneh and Zhengping Jiang and Parijat Sengupta and Yaohua Tan and Gerhard Klimeck",
	title	= "Efficient and realistic device modeling from atomic detail to the nanoscale",
	journal	= "Journal of Computational Electronics",
	year	= "2013",
	volume	= "12",
	number	= "4",
	note	= "Journal of Computational Electronics December 2013, Volume 12, Issue 4, pp 592-600; doi:10.1007/s10825-013-0509-0",
	url	= "http://link.springer.com/article/10.1007%2Fs10825-013-0509-0",
}
@article{1342jiang2013,
	author	= "Xueping Jiang and Neerav Kharche and Paul Kohl and Timothy Boykin and Gerhard Klimeck and Mathieu Luisier and Pulickel Ajayan and Saroj K.Nayak",
	title	= "Giant Quasiparticle Bandgap Modulation in Graphene Nanoribbons Supported on Weakly Interacting Surfaces",
	journal	= "Applied Physics Letters",
	year	= "2013",
	volume	= "103",
	number	= "13",
	note	= "Appl. Phys. Lett. 103, 133107 (2013); doi: 10.1063/1.4822427",
	url	= "https://engineering.purdue.edu/gekcogrp/publications/pubs_src/DOC1342__ojpstmp_stampPdf_d_25T11-19_APPLAB_103_13_133107_1.pdf",
}
@article{1339ryu2013,
	author	= "Hoon Ryu and Sunhee Lee and Bent Weber and Suddhasatta Mahapatra and Lloyd Hollenberg and Michelle Simmons and Gerhard Klimeck",
	title	= "Atomistic modeling of metallic nanowires in silicon",
	journal	= "Nanoscale",
	year	= "2013",
	volume	= "5",
	number	= "18",
	note	= "Nanoscale, 2013,5, 8666-8674, Received 10 Apr 2013, Accepted 02 Jul 2013, First published online 11 Jul 2013; doi:10.1039/C3NR01796F",
	url	= "http://docs.lib.purdue.edu/nanopub/1324/",
}
@article{1328yang2013,
	author	= "C.H. Yang and A. Rossi and R. Ruskov and N.S. Lai and Fahd Mohiyaddin and S. Lee and C. Tahan and Gerhard Klimeck and Andrea Morello and Andrew Dzurak",
	title	= "Spin-valley lifetimes in a silicon quantum dot with tunable valley splitting.",
	journal	= "Nature Communications",
	year	= "2013",
	volume	= "4",
	number	= "2069",
	note	= "Received 11 January, Accepted 27 May, Published 27 June 2013 in Nature Communications 4, Article number: 2069;doi:10.1038/ncomms3069",
	url	= "http://docs.lib.purdue.edu/nanopub/1417/",
}
@article{1327deutsch2013,
	author	= "Christoph Deutsch and Hermann Detz and Tobias Zederbauer and  Andrews and Pavel Klang and Tillmann C Kubis and Gerhard Klimeck and Manfred Schuster and Werner Schrenk and  Strasser and Karl Unterrainer",
	title	= "Probing scattering mechanisms with symmetric quantum cascade lasers",
	journal	= "Optics Express",
	year	= "2013",
	volume	= "21",
	number	= "6",
	note	= "Accepted February 14, Published: March 14, 2013 in Optics Express, Vol. 21, Issue 6, pp. 7209-7215; doi:10.1364/OE.21.007209",
	url	= "http://www.opticsinfobase.org/oe/abstract.cfm?uri=oe-21-6-7209",
}
@article{1326sengupta2013,
	author	= "Parijat Sengupta and Tillmann C Kubis and Yaohua Tan and Michael Povolotskyi and Gerhard Klimeck",
	title	= "Design principles for HgTe based topological insulator devices",
	journal	= "arXiv preprint arXiv:1302.5716",
	year	= "2013",
	volume	= "114",
	number	= "4",
	note	= "Published online 22 July, J. Appl. Phys. 114, 043702 (2013); doi: 10.1063/1.4813877",
	url	= "http://jap.aip.org/resource/1/japiau/v114/i4/p043702_s1",
}
@article{1322luisier2013,
	author	= "Mathieu Luisier and Timothy Boykin and Z. Ye and A. Martini and Gerhard Klimeck and Neerav Kharche and Xueping Jiang and Saroj K.Nayak",
	title	= "Investigation of ripple-limited low-field mobility in large-scale graphene nanoribbons",
	journal	= "Applied Physics Letters",
	year	= "2013",
	volume	= "102",
	number	= "25",
	note	= "Appl. Phys. Lett. Volume 102, Issue 25 (2013), Published online 26 June 2013;doi:10.1063/1.4811761  ",
	url	= "http://docs.lib.purdue.edu/nanopub/1424/",
}
@article{1320ryu2013,
	author	= "Hoon Ryu and Dukyun Nam and Bu-Young Ahn and JongSuk Lee and Kumwon Cho and Sunhee Lee and Gerhard Klimeck and Mincheol Shin",
	title	= "Optical TCAD on the Net: A tight-binding study of inter-band light transitions in self-assembled InAs/GaAs quantum dot photodetectors",
	journal	= "Mathematical and Computer Modelling",
	year	= "2013",
	volume	= "58",
	number	= "1",
	note	= "Mathematical and Computer Modelling Volume 58, Issues 1–2, July 2013, Pages 288–299,  Financial IT & Security and 2010 International Symposium on Computational Electronics;doi:10.1016/j.mcm.2012.11.024",
	url	= "https://engineering.purdue.edu/gekcogrp/publications/pubs_src/DOC1320_80f2e069b12a0694ae3723dc06b372b5.pdf",
}
@article{1314mehrotra2013,
	author	= "Saumitra Mehrotra and Pengyu Long and Michael Povolotskyi and Gerhard Klimeck",
	title	= "Atomistic simulation of phonon and alloy limited hole mobility in Si1-xGex nanowires",
	journal	= "physica status solidi (RRL)-Rapid Research Letters",
	year	= "2013",
	volume	= "7",
	number	= "10",
	note	= "Phys. Status Solidi RRL 7, No. 10, 903–906 (2013) ; DOI: 10.1002/pssr.201307124 ",
	url	= "https://engineering.purdue.edu/gekcogrp/publications/pubs_src/DOC1314_SiGe_nanowire_mobility_Saumitra_V3.pdf",
}
@article{1319jiang2013,
	author	= "Zhengping Jiang and Marcelo Kuroda and Yaohua Tan and Dennis Newns and Michael Povolotskyi and Timothy Boykin and Tillmann C Kubis and Gerhard Klimeck and Glenn Martyna",
	title	= "Electron transport in nano-scaled piezoelectronic devices",
	journal	= "Applied Physics Letters",
	year	= "2013",
	volume	= "102",
	number	= "19",
	note	= "Appl. Phys. Lett. 102, 193501 (2013); doi:10.1063/1.4804601",
	url	= "https://engineering.purdue.edu/gekcogrp/publications/pubs_src/DOC1319__ojpstmp_stampPdf_d_13T14_18_APPLAB_102_19_193501_1.pdf",
}
@article{1309mehrotra2013,
	author	= "Saumitra Mehrotra and SungGeun Kim and Tillmann C Kubis and Michael Povolotskyi and Mark Lundstrom and Gerhard Klimeck",
	title	= "Engineering Nanowire n-MOSFETs at Lg < 8nm",
	journal	= "IEEE Transactions on Electron Devices",
	year	= "2013",
	volume	= "60",
	number	= "7",
	note	= "IEEE TRANSACTIONS ON ELECTRON DEVICES, VOL. 60, Issue: 7, Page(s): 2171 - 2177, July 2013;doi: 10.1109/TED.2013.2263806",
	url	= "http://docs.lib.purdue.edu/nanopub/1428/",
}
@article{1310mehrotra2013,
	author	= "Saumitra Mehrotra and Michael Povolotskyi and Doron Elias and Tillmann C Kubis and Jeremy Law and Mark Rodwell and Gerhard Klimeck",
	title	= "Simulation Study of Thin-Body Ballistic n-MOSFET Involving Transport in Mixed Γ-L valleys",
	journal	= "IEEE Electronic Device Letters",
	year	= "2013",
	volume	= "34",
	number	= "9",
	note	= "IEEE Electron Device Letters, vol.34,  Issue: 9, Page(s): 1196 - 1198, Sept. 2013;doi: 10.1109/LED.2013.2273072",
	url	= "http://docs.lib.purdue.edu/nanopub/1459/",
}
@article{1312mohiyaddin2013,
	author	= "Fahd Mohiyaddin and Rajib Rahman and Rachpon Kalra and Gerhard Klimeck and Lloyd Hollenberg and Jarryd Pla and Andrew Dzurak and Andrea Morello",
	title	= "Non-invasive spatial metrology of single-atom devices",
	journal	= "Nano letters",
	year	= "2013",
	note	= "Nano Lett.,Published April 9, 2013, 13 (5), pp 1903–1909  ;doi:10.1021/nl303863s",
	url	= "http://docs.lib.purdue.edu/nanopub/1401/",
}
@article{1308razavieh2013,
	author	= "Ali Razavieh and Saumitra Mehrotra and Navab Singh and Gerhard Klimeck and David Janes and Joerg Appenzeller",
	title	= "Utilizing the Unique Properties of Nanowire MOSFETs for RF Applications",
	journal	= "Nano Letters",
	year	= "2013",
	volume	= "13",
	number	= "4",
	note	= " Nano Lett., March 6, 2013 (Communication);doi:10.1021/nl3047078",
	url	= "http://docs.lib.purdue.edu/nanopub/1382/",
}
@article{1281zwanenburg2013,
	author	= "Floris Zwanenburg and Andrew Dzurak and Andrea Morello and Michelle Simmons and Lloyd Hollenberg and Gerhard Klimeck and Sven Rogge and Susan Coppersmith and Mark Eriksson",
	title	= "Silicon Quantum Electronics",
	journal	= "Review of Modern Physics",
	year	= "2013",
	volume	= "85",
	number	= "3",
	note	= "Published 10 July 2013 in Reviews of Modern Physics, Volume 85, Issue 3,961–1019; doi: 10.1103/RevModPhys.85.961 ",
	url	= "http://docs.lib.purdue.edu/nanopub/1430/",
}
@article{1255tan2013,
	author	= "Yaohua Tan and Michael Povolotskyi and Tillmann C Kubis and Yu He and Zhengping Jiang and Gerhard Klimeck and Timothy Boykin",
	title	= "Empirical tight binding parameters for GaAs and MgO with explicit basis through DFT mapping",
	journal	= "Journal of Computational Electronics",
	year	= "2013",
	volume	= "12",
	number	= "1",
	note	= "Journal of Computational Electronics, January 2013; doi:10.1007/s10825-013-0436-0",
	url	= "http://link.springer.com/article/10.1007%2Fs10825-013-0436-0",
}
@article{1251salazar2012,
	author	= "Ramon Salazar and Saumitra Mehrotra and Gerhard Klimeck and Navab Singh and Joerg Appenzeller",
	title	= "Observation of 1D Behavior in Si Nanowires: Towards High-Performance TFETs",
	journal	= "Nano Letters",
	year	= "2012",
	note	= "Nano Lett., 2012, 12 (11), pp 5571–5575;doi:10.1021/nl3025664",
	url	= "http://pubs.acs.org/doi/abs/10.1021/nl3025664",
}
@article{1248masamichi2012,
	author	= "Yamanishi Masamichi and Edamura Tadataka and Fujita Kazuue and Tillmann C Kubis and Gerhard Klimeck",
	title	= "Indirectly pumped 3.7 THz InGaAs/InAlAs quantum-cascade lasers grown by metal-organic vapor-phase epitaxy",
	journal	= "Optics Express",
	year	= "2012",
	volume	= "20",
	number	= "18",
	note	= "accepted in Optics Express, 2012, Published August 27, 2012, Vol. 20, Issue 18, pp. 20647-20658 (2012);doi:10.1364/OE.20.020647",
	url	= "https://engineering.purdue.edu/gekcogrp/publications/pubs_src/DOC1248_oe-20-18-20647.pdf",
}
@article{1210sylvia2012,
	author	= "Somaia Sylvia and Hong-Hyun Park and M. Khayer and Khairul Alam and Gerhard Klimeck and Roger Lake",
	title	= "Material Selection for Minimizing Direct Tunneling in Nanowire Transistors",
	journal	= "IEEE Transactions on Electron Devices",
	year	= "2012",
	volume	= "59",
	number	= "8",
	note	= "IEEE TRANSACTIONS ON ELECTRON DEVICES, VOL. 59, Issue: 8, Page(s): 2064 - 2069, Aug. 2012;doi:10.1109/TED.2012.2200688",
	url	= "http://ieeexplore.ieee.org/xpl/articleDetails.jsp?arnumber=6220244",
}
@article{1209park2012,
	author	= "Seung Hyun Park and Yang Liu and Neerav Kharche and Mehdi Salmani-Jelodar and Gerhard Klimeck and Mark Lundstrom and Mathieu Luisier",
	title	= "Performance Comparisons of III-V and strained-Si in Planar FETs and Non-planar FinFETs at Ultra-short Gate Length (12nm)",
	journal	= "",
	year	= "2012",
	note	= "IEEE Transactions on Electron Devices, vol. 59, Issue: 8, Page(s): 2107 - 2114, Aug. 2012; doi:10.1109/TED.2012.2198481",
	url	= "https://engineering.purdue.edu/gekcogrp/publications/pubs_src/DOC1209_2012 Park.pdf",
}
@article{1158ryu2012,
	author	= "Hoon Ryu and Hong-Hyun Park and Mincheol Shin and Dragica Vasileska and Gerhard Klimeck",
	title	= "Feasibility, Accuracy, and Performance of Contact Block Reduction method for multi-band simulations of ballistic quantum transport",
	journal	= "Journal of Applied Physics",
	year	= "2012",
	volume	= "111",
	number	= "6",
	note	= "Journal of Applied Physics 111, 063705 (2012), Published 21 March 2012; doi: 10.1063/1.3694740",
	url	= "https://engineering.purdue.edu/gekcogrp/publications/pubs_src/DOC1158_paper.pdf",
}
@article{1200cauley2012,
	author	= "Stephen Cauley and Venkataramanan Balakrishnan and Gerhard Klimeck and Cheng-Kok Koh",
	title	= "A two-dimensional domain decomposition technique for the simulation of quantum-scale devices",
	journal	= "Journal of Computational Physics",
	year	= "2012",
	volume	= "231",
	number	= "4",
	note	= "Journal of Computational Physics Volume 231, Issue 4, 20 February 2012, Pages 1293–1313; doi:10.1016/j.jcp.2011.10.006",
	url	= "https://engineering.purdue.edu/gekcogrp/publications/pubs_src/DOC1200_Cauley_decomposition_published.pdf",
}
@article{1198usman2012,
	author	= "Muhammad Usman and Vittorianna Tasco and Maria Todaro and Milena Giorgi and Eoin OReilly and Gerhard Klimeck and Adriana Passaseo",
	title	= "The polarization response in InAs quantum dots: theoretical correlation between composition and electronic properties",
	journal	= "IOP Nanotechnology journal",
	year	= "2012",
	volume	= "23",
	number	= "16",
	note	= "IOP Nanotechnology, Volume 23, Number 16, Published 2 April 2012;doi:10.1088/0957-4484/23/16/165202",
	url	= "http://arxiv.org/pdf/1203.3855",
}
@article{1137jiang2012,
	author	= "Zhengping Jiang and Neerav Kharche and Timothy Boykin and Gerhard Klimeck",
	title	= "Effects of Interface Disorder on Valley Splitting in SiGe/Si/SiGe Quantum Wells",
	journal	= "Applied Physics Letters",
	year	= "2012",
	volume	= "100",
	number	= "10",
	note	= "Applied Physics Letters Vol100 issue10, Mar 6, 2012; doi: 10.1063/1.3692174",
	url	= "http://arxiv.org/abs/1110.4097v2",
}
@article{1193wang2012,
	author	= "Qi Wang and Tao Liu and Tillmann C Kubis and Gerhard Klimeck",
	title	= "Design of three-well indirect pumping terahertz quantum cascade lasers for high optical gain based on nonequilibrium Green's function analysis",
	journal	= "Applied Physics Letters",
	year	= "2012",
	volume	= "100",
	number	= "12",
	note	= "Appl. Phys. Lett. 100, 122110 (2012); doi:10.1063/1.3697674",
	url	= "https://engineering.purdue.edu/gekcogrp/publications/pubs_src/DOC1193_http___scitation.aip.org.ezproxy.lib.purdue.edu_getpdf_servlet_GetPDFServlet_filetype=pdf&id=APPLAB000100000012122110000001&idtype=cvips&doi=10.1063_1.pdf",
}
@article{1190fuechsle2012,
	author	= "Martin Fuechsle and Jill Miwa and Suddhasatta Mahapatra and Hoon Ryu and Sunhee Lee and Oliver Warschkow and Lloyd Hollenberg and Gerhard Klimeck and Michelle Simmons",
	title	= "A single-atom transistor",
	journal	= "Nature Nanotechnology",
	year	= "2012",
	volume	= "7",
	number	= "4",
	note	= "Nature Nanotechnology 7, 242–246 (2012); doi: 10.1038/NNANO.2012.21",
	url	= "http://docs.lib.purdue.edu/cgi/viewcontent.cgi?article=1853&context=nanopub",
}
@article{1125cho2012,
	author	= "Woo-Suhl Cho and Mathieu Luisier and Dheeraj Mohata and Suman Datta and David J. Pawlik and Sean Rommel and Gerhard Klimeck",
	title	= "Full Band Modeling of Homo-junction InGaAs Band-to-Band Tunneling Diodes including Band Gap Narrowing",
	journal	= "Applied Physics Letters",
	year	= "2012",
	volume	= "100",
	number	= "6",
	note	= "Applied Physics Letters 100, 063504, Published 7 February 2012; doi:10.1063/1.3682506",
	url	= "http://apl.peerx-press.org/ms_files/apl/2012/01/13/00347117/01/347117_1_art_file_3360309_ly0glz.pdf",
}
@article{1165weber2012,
	author	= "Bent Weber and Suddhasatta Mahapatra and Hoon Ryu and Sunhee Lee and A. Fuhrer and T. Reusch and D. Thompson and W. C. T. Lee and Gerhard Klimeck and Lloyd Hollenberg and Michelle Simmons",
	title	= "Ohm's Law Survives to the Atomic Scale",
	journal	= "Science",
	year	= "2012",
	volume	= "335",
	number	= "64",
	note	= "Science 335, 64 (2012); doi: 10.1126/science.1214319",
	url	= "http://docs.lib.purdue.edu/cgi/viewcontent.cgi?article=1852&context=nanopub",
}
@article{1138salmani-jelodar2012,
	author	= "Mehdi Salmani-Jelodar and Abhijeet Paul and Timothy Boykin and Gerhard Klimeck",
	title	= "Calculation of Phonon Spectrum and Thermal Properties in Suspended <100> InXGa1-XAs Nanowires",
	journal	= "Journal of Computational Electronics",
	year	= "2012",
	volume	= "11",
	number	= "1",
	note	= "Journal of Computational Electronics March 2012, Volume 11, Issue 1, pp 22-28; doi:10.1007/s10825-012-0389-8",
	url	= "http://www.springerlink.com/content/263435nh22743144/",
}
@article{1246cauley2011,
	author	= "Stephen Cauley and Mathieu Luisier and Venkataramanan Balakrishnan and Gerhard Klimeck and Cheng-Kok Koh",
	title	= "Distributed non-equilibrium Green's function algorithms for the simulation of nanoelectronic devices with scattering",
	journal	= "Journal of Applied Physics",
	year	= "2011",
	volume	= "110",
	number	= "4",
	note	= "Journal of Applied Physics , V110 ,   Issue: 4 , 043713,    Published: AUG 15 2011; doi:10.1063/1.3624612",
	url	= "https://engineering.purdue.edu/gekcogrp/publications/pubs_src/DOC1246_05949918.pdf",
}
@article{1147kim2011,
	author	= "SungGeun Kim and Mathieu Luisier and Timothy Boykin and Gerhard Klimeck",
	title	= "Effects of Interface Roughness Scattering on Radio Frequency Performance of Silicon Nanowire Transistors",
	journal	= "Applied Physics Letters",
	year	= "2011",
	volume	= "99",
	number	= "23",
	note	= "Appl. Phys. Lett. 99, 232107 (2011);doi:10.1063/1.3665939",
	url	= "http://docs.lib.purdue.edu/cgi/viewcontent.cgi?article=1793&context=nanopub",
}
@article{1141paul2011,
	author	= "Abhijeet Paul and Shuaib Salamat and Changwook Jeong and Gerhard Klimeck and Mark Lundstrom",
	title	= "An efficient algorithm to calculate intrinsic thermoelectric parameters based on Landauer approach",
	journal	= "Journal of Computational Electronics",
	year	= "2011",
	volume	= "11",
	number	= "1",
	note	= "Journal of Computational Electronics, March 2012, Volume 11, Issue 1, pp 56-66; doi:10.1007/s10825-011-0379-2",
	url	= "http://docs.lib.purdue.edu/cgi/viewcontent.cgi?article=1789&context=nanopub",
}
@article{1049lee2011,
	author	= "Sunhee Lee and Hoon Ryu and Huw Campbell and Lloyd Hollenberg and Michelle Simmons and Gerhard Klimeck",
	title	= "Electronic structure of realistically extended, atomistically resolved disordered Si:P δ-doped layers",
	journal	= "Physical Review B",
	year	= "2011",
	volume	= "84",
	number	= "205309",
	note	= "Phys. Rev. B 84, 205309 (2011) – Published November 14, 2011; doi:10.1103/PhysRevB.84.205309",
	url	= "http://docs.lib.purdue.edu/cgi/viewcontent.cgi?article=1826&context=nanopub",
}
@article{1153kotlyar2011,
	author	= "R. Kotlyar and T. Linton and R. Rios and M. Giles and S. Cea and Kelin J. Kuhn and Michael Povolotskyi and Tillmann C Kubis and Gerhard Klimeck",
	title	= "Does the low hole transport mass in <110> and <111> Si nanowires lead to mobility enhancements at high ﬁeld and stress: a self-consistent tight-binding study",
	journal	= "Journal of Applied Physics",
	year	= "2011",
	volume	= "111",
	number	= "12",
	note	= "Journal of Applied Physics Vol.111, Issue 12  published online 26 June 2012;doi: 10.1063/1.4729806",
	url	= "https://engineering.purdue.edu/gekcogrp/publications/pubs_src/DOC1153_paper.pdf",
}
@article{1055steiger2011,
	author	= "Sebastian Steiger and Mehdi Salmani-Jelodar and Denis Areshkin and Abhijeet Paul and Tillmann C Kubis and Michael Povolotskyi and Hong-Hyun Park and Gerhard Klimeck",
	title	= "Enhanced valence force ﬁeld model for the lattice properties of gallium arsenide",
	journal	= "Physical Review B",
	year	= "2011",
	volume	= "84",
	number	= "15",
	note	= "Physical Review B, Vol. 84, pg. 155204, Published 17 October 2011;doi :10.1103/PhysRevB.84.155204",
	url	= "https://engineering.purdue.edu/gekcogrp/publications/pubs_src/DOC1055_PhysRevB.84.155204.pdf",
}
@article{1127paul2011,
	author	= "Abhijeet Paul and Mathieu Luisier and Gerhard Klimeck",
	title	= "Influence of cross-section geometry and wire orientation on the phonon shifts in ultra-scaled Si nanowires",
	journal	= "Arxiv preprint arXiv:1106.1935",
	year	= "2011",
	volume	= "110",
	number	= "9",
	note	= "J. Appl. Phys. 110, 094308 (2011); doi:10.1063/1.3656687",
	url	= "https://engineering.purdue.edu/gekcogrp/publications/pubs_src/DOC1127_http___scitation.aip.org_getpdf_servlet_GetPDFServlet_filetype=pdf&id=JAPIAU000110000009094308000001&idtype=cvips&doi=10.1063_1.pdf",
}
@article{1126paul2011,
	author	= "Abhijeet Paul and Mathieu Luisier and Gerhard Klimeck",
	title	= "Shape and orientation effects on the ballistic phonon thermal properties of ultra-scaled Si nanowires",
	journal	= "Journal of Applied Physics",
	year	= "2011",
	volume	= "110",
	number	= "11",
	note	= "Journal of Applied Physics 110, 114309 (2011), selected for the December 19, 2011 issue of Virtual Journal of Nanoscale Science & Technology, Published 6 December 2011; doi:10.1063/1.3662177",
	url	= "https://engineering.purdue.edu/gekcogrp/publications/pubs_src/DOC1126_http___scitation.aip.org_getpdf_servlet_GetPDFServlet_filetype=pdf&id=JAPIAU000110000011114309000001&idtype=cvips&doi=10.1063_1.pdf",
}
@article{1steiger2011,
	author	= "Sebastian Steiger and Michael Povolotskyi and Hong-Hyun Park and Tillmann C Kubis and Gerhard Klimeck",
	title	= "NEMO5: A Parallel Multiscale Nanoelectronics Modeling Tool",
	journal	= "IEEE Transactions on Nanotechnology",
	year	= "2011",
	volume	= "10",
	number	= "6",
	note	= "IEEE Transactions on Nanotechnology, Vol. 10, Issue: 6, Page(s): 1464 - 1474, Nov. 2011; doi:10.1109/TNANO.2011.2166164",
	url	= "http://docs.lib.purdue.edu/cgi/viewcontent.cgi?article=1834&context=nanopub",
}
@article{1057usman2011,
	author	= "Muhammad Usman and Tomoya Inoue and Yukihiro Harda and Gerhard Klimeck and Takashi Kita",
	title	= "Experimental and atomistic theoretical study of degree of polarization from multilayer InAs/GaAs quantum dot stacks",
	journal	= "Physical Review B",
	year	= "2011",
	volume	= "84",
	number	= "11",
	note	= "Physical Review B  84, 115321, published September 23, 2011;doi: 10.1103/PhysRevB.84.115321",
	url	= "http://docs.lib.purdue.edu/cgi/viewcontent.cgi?article=1797&context=nanopub",
}
@article{1052hegde2011,
	author	= "Ganesh Hegde and Gerhard Klimeck",
	title	= "Role of surface orientation on ALD Al2O3/GaAs interface structure and Fermi level pinning: a DFT study",
	journal	= "Applied Physics Letters",
	year	= "2011",
	volume	= "99",
	number	= "9",
	note	= "Applied Physics Letters 99, 093508, Published 2 September 2011; doi:10.1063/1.3624897",
	url	= "https://engineering.purdue.edu/gekcogrp/publications/pubs_src/DOC1052_paper.pdf",
}
@article{1062lansbergen2011,
	author	= "Gabriel Lansbergen and Rajib Rahman and Jan Verduijn and Giuseppe Tettamanzi and Nadine Collaert and Serge Biesemans and Gerhard Klimeck and Lloyd Hollenberg and Sven Rogge",
	title	= "Lifetime enhanced transport in silicon due to spin and valley blockade",
	journal	= "Physical Review Letters",
	year	= "2011",
	volume	= "107",
	number	= "13",
	note	= "Phys. Rev. Lett. 107, 136602 – Published 19 September 2011;doi:10.1103/PhysRevLett.107.136602",
	url	= "http://docs.lib.purdue.edu/cgi/viewcontent.cgi?article=1798&context=nanopub",
}
@article{1059rahman2011,
	author	= "Rajib Rahman and Gabriel Lansbergen and Jan Verduijn and Giuseppe Tettamanzi and Seung Hyun Park and Nadine Collaert and Serge Biesemans and Gerhard Klimeck and Lloyd Hollenberg and Sven Rogge",
	title	= "Electric field reduced charging energies and two-electron bound excited states of single donors in silicon",
	journal	= "APS Physics",
	year	= "2011",
	volume	= "84",
	number	= "11",
	note	= "PHYSICAL REVIEW B 84, 115428 (2011); DOI: 10.1103/PhysRevB.84.115428",
	url	= "http://docs.lib.purdue.edu/cgi/viewcontent.cgi?article=1799&context=nanopub",
}
@article{1056paul2011,
	author	= "Abhijeet Paul and Gerhard Klimeck",
	title	= "Strain effects on the phonon thermal properties of ultra-scaled Si nanowires",
	journal	= "Applied Physics Letters",
	year	= "2011",
	volume	= "99",
	number	= "8",
	note	= "APPLIED PHYSICS LETTERS 99, 083115 (2011); doi:10.1063/1.3630228",
	url	= "http://docs.lib.purdue.edu/cgi/viewcontent.cgi?article=1800&context=nanopub",
}
@article{1053paul2011,
	author	= "Abhijeet Paul and Giuseppe Tettamanzi and Sunhee Lee and Saumitra Mehrotra and Nadine Collaert and Sven Rogge and Gerhard Klimeck",
	title	= "Interface trap density metrology from sub-threshold transport in highly scaled undoped Si n-FinFETs",
	journal	= "Journal of Applied Physics",
	year	= "2011",
	volume	= "110",
	number	= "12",
	note	= "Journal of Applied Physics. 110, 121301 (2011), 22 December 2011; doi:10.1063/1.3660697",
	url	= "http://jap.aip.org/resource/1/japiau/v110/i12/p124507_s1",
}
@article{2usman2011,
	author	= "Muhammad Usman and Yui-Hong Matthias Tan and Hoon Ryu and Shaikh Ahmed and Timothy Boykin and Gerhard Klimeck and Hubert Krenner",
	title	= "Quantitative Excited State Spectroscopy of a Single InGaAs Quantum Dot Molecule through Multi-million Atom Electronic Structure Calculations",
	journal	= "IOP Nanotechnology Journal",
	year	= "2011",
	volume	= "22",
	number	= "31",
	note	= "Nanotechnology 22 (2011) 315709 (14pp); doi:10.1088/0957-4484/22/31/315709",
	url	= "http://docs.lib.purdue.edu/cgi/viewcontent.cgi?article=1720&context=nanopub",
}
@article{3neophytou2011,
	author	= "Neophytos Neophytou and Gerhard Klimeck and Hans Kosina",
	title	= "Subband engineering for p-type silicon ultra-thin layers for increased carrier velocities: An atomistic analysis",
	journal	= "Journal of Applied Physics",
	year	= "2011",
	volume	= "109",
	number	= "5",
	note	= "Journal of Applied Physics, Vol 109, ppg: 053721 – 053726, Published 15 March 2011;doi: 10.1063/1.3556435",
	url	= "http://docs.lib.purdue.edu/cgi/viewcontent.cgi?article=1721&context=nanopub",
}
@article{4boykin2011,
	author	= "Timothy Boykin and Mathieu Luisier and Gerhard Klimeck and Xueping Jiang and Neerav Kharche and Yu Zhou and Saroj K.Nayak",
	title	= "Accurate Six-Band Nearest-Neighbor Tight-Binding Model for the π-Bands of Bulk Graphene and Graphene Nanoribbons",
	journal	= "Journal of Applied Physics",
	year	= "2011",
	volume	= "109",
	number	= "10",
	note	= "J. Appl. Phys. 109, 104304 (2011); doi:10.1063/1.3582136",
	url	= "http://docs.lib.purdue.edu/cgi/viewcontent.cgi?article=1722&context=nanopub",
}
@article{5tettamanzi2011,
	author	= "Giuseppe Tettamanzi and Abhijeet Paul and Sunhee Lee and Saumitra Mehrotra and Nadine Collaert and Serge Biesemans and Gerhard Klimeck and Sven Rogge",
	title	= "Interface Trap Density Metrology of state-of-the-art undoped Si n-FinFETs",
	journal	= "IEEE Electronic Device Letters",
	year	= "2011",
	volume	= "32",
	number	= "99",
	note	= "Electron Device Letters. 32,4 (2011);doi : 10.1109/LED.2011.2106150",
	url	= "http://docs.lib.purdue.edu/cgi/viewcontent.cgi?article=1723&context=nanopub",
}
@article{6paul2011,
	author	= "Abhijeet Paul and Gerhard Klimeck",
	title	= "Atomistic study of electronic structure of PbSe nanowires",
	journal	= "Applied Physical Letters",
	year	= "2011",
	volume	= "98",
	number	= "21",
	note	= "Applied Physics Letters 98, 212105 (2011); doi:10.1063/1.3592577",
	url	= "http://docs.lib.purdue.edu/cgi/viewcontent.cgi?article=1801&context=nanopub",
}
@article{7rahman2011,
	author	= "Rajib Rahman and Jan Verduijn and Gabriel Lansbergen and Gerhard Klimeck and Lloyd Hollenberg and Sven Rogge",
	title	= "Engineered valley-orbit splittings in quantum confined nanostructures in silicon",
	journal	= "Physical Review B",
	year	= "2011",
	volume	= "83",
	number	= "19",
	note	= "Phys. Rev. B 83, 195323;doi:10.1103/PhysRevB.83.195323",
	url	= "http://docs.lib.purdue.edu/cgi/viewcontent.cgi?article=1802&context=nanopub",
}
@article{8kharche2011,
	author	= "Neerav Kharche and Gerhard Klimeck and Dae-Hyun Kim and Jesús. Alamo and Mathieu Luisier",
	title	= "Multiscale Metrology and Optimization of Ultra-Scaled InAs Quantum Well FETs",
	journal	= "IEEE Transactions on Electron Devices",
	year	= "2011",
	volume	= "58",
	number	= "99",
	note	= "IEEE Transactions on Electron Devices, Volume:58 ,  Issue: 7, Page(s): 1963 - 1971, July 2011; doi:10.1109/TED.2011.2144986 ",
	url	= "http://docs.lib.purdue.edu/cgi/viewcontent.cgi?article=1725&context=nanopub",
}
@article{9mehrotra2011,
	author	= "Saumitra Mehrotra and Abhijeet Paul and Gerhard Klimeck",
	title	= "Atomistic Approach to Alloy Scattering in Si(1-x)Ge(x)",
	journal	= "Applied Physical Letters",
	year	= "2011",
	volume	= "98",
	number	= "17",
	note	= "Appl. Phys. Lett. 98, 173503 (2011), Online Publication Date: 26 April 2011;doi : 10.1063/1.3583983",
	url	= "http://docs.lib.purdue.edu/cgi/viewcontent.cgi?article=1726&context=nanopub",
}
@article{10rahman2011,
	author	= "Rajib Rahman and Seung Hyun Park and Gerhard Klimeck and Lloyd Hollenberg",
	title	= "Stark tuning of the charge states of a two-donor molecule in silicon",
	journal	= "Nanotechnology",
	year	= "2011",
	volume	= "22",
	number	= "22",
	note	= "Nanotechnology 22 225202; doi:10.1088/0957-4484/22/22/225202",
	url	= "http://docs.lib.purdue.edu/cgi/viewcontent.cgi?article=1727&context=nanopub",
}
@article{11usman2011,
	author	= "Muhammad Usman and Susannah Heck and Edmund Clarke and Peter Spencer and Hoon Ryu and Ray Murray and Gerhard Klimeck",
	title	= "Experimental and Theoretical Study of Polarization-Dependent Optical Transitions in InAs Quantum Dots at Telecommunication-Wavelengths (1300-1500 nm)",
	journal	= "Journal of Applied Physics",
	year	= "2011",
	volume	= "83",
	number	= "19",
	note	= "Journal of Applied Physics 83 19 pags 104510, 26 May 2011 ;doi:10.1063/1.3587167",
	url	= "http://docs.lib.purdue.edu/cgi/viewcontent.cgi?article=1728&context=nanopub",
}
@article{12paul2011,
	author	= "Abhijeet Paul and Gerhard Klimeck",
	title	= "Tuning Lattice Thermal Conductance by Porosity Control in Ultrascaled Si and Ge Nanowires",
	journal	= "Applied Physics Letters",
	year	= "2011",
	volume	= "98",
	number	= "8",
	note	= "Applied Physics Letters 98 8 pags 083106, published Feb. 22, 2011.  arXiv:1012.1054, selected for the March 7, 2011 issue of Virtual Journal of Nanoscale Science & Technology; doi:10.1063/1.3556648",
	url	= "http://docs.lib.purdue.edu/cgi/viewcontent.cgi?article=1729&context=nanopub",
}
@article{13deora2011,
	author	= "Shweta Deora and Abhijeet Paul and Bijesh R and Jeff Huang and Gerhard Klimeck and Gennadi Bersuker and Paul Krisch and Raj Jammy",
	title	= "Intrinsic Reliability improvement in Biaxially Strained SiGe p-MOSFETs",
	journal	= "IEEE Electronic Device Letters",
	year	= "2011",
	volume	= "32",
	number	= "3",
	note	= "IEEE Electron Device Letters, Vol. 32, Issue: 3,  pags 255-257, March 2011;doi:10.1109/LED.2010.2099101",
	url	= "http://docs.lib.purdue.edu/cgi/viewcontent.cgi?article=1730&context=nanopub",
}
@article{14kim2011,
	author	= "SungGeun Kim and Abhijeet Paul and Mathieu Luisier and Timothy Boykin and Gerhard Klimeck",
	title	= "Full Three-Dimensional Quantum Transport Simulation of Atomistic Interface Roughness in Silicon Nanowire FETs",
	journal	= "IEEE Transactions on Electron Devices",
	year	= "2011",
	volume	= "58",
	number	= "5",
	note	= "EEE Transactions on Electron Devices (May 2011) Vol: 58 Issue:5 , Page : 1371 - 1380; doi: 10.1109/TED.2011.2118213  ",
	url	= "http://docs.lib.purdue.edu/context/nanopub/article/1731/type/native/viewcontent",
}
@article{15prada2011,
	author	= "Martha Prada and Gerhard Klimeck and Robert Joynt",
	title	= "Spin-orbit Splittings in Si/SiGe Quantum Wells: From Ideal Si Membranes to Realistic Heterostructures",
	journal	= "New Journal of Physics",
	year	= "2011",
	volume	= "13",
	number	= "1",
	note	= "New Journal of Physics 13 (2011) 013009 ;doi:10.1088/1367-2630/13/1/013009",
	url	= "https://engineering.purdue.edu/gekcogrp/publications/pubs_src/DOC15_paper.pdf",
}
@article{16kubis2010,
	author	= "Tillmann C Kubis and Saumitra Mehrotra and Gerhard Klimeck",
	title	= "Design concepts of terahertz quantum cascade lasers: Proposal for terahertz laser efficiency improvements",
	journal	= "Applied Physical Letters",
	year	= "2010",
	volume	= "97",
	number	= "26",
	note	= "Appl. Phys. Lett. 97, 261106 (2010);doi:10.1063/1.3524197",
	url	= "https://engineering.purdue.edu/gekcogrp/publications/pubs_src/DOC16_paper.pdf",
}
@article{17agarwal2010,
	author	= "Samarth Agarwal and Michael Povolotskyi and Tillmann C Kubis and Gerhard Klimeck",
	title	= "Adaptive quadrature for sharply spiked integrands",
	journal	= "Journal of Computational Electronics",
	year	= "2010",
	volume	= "9",
	number	= "3-4",
	note	= "Journal of Computation Electronics  vol 9 , No. 3-4, 252-255 (2010); doi : 10.1007/s10825-010-0338-3",
	url	= "http://docs.lib.purdue.edu/cgi/viewcontent.cgi?article=1733&context=nanopub",
}
@article{18paul2010,
	author	= "Abhijeet Paul and Mathieu Luisier and Gerhard Klimeck",
	title	= "Modified valence force field approach for phonon dispersion: from zinc-blende bulk to nanowires",
	journal	= "Journal of Computational Electronics",
	year	= "2010",
	volume	= "9",
	number	= "3-4",
	note	= "Journal of Computational Electronics  Volume 9, Numbers 3-4, 160-172, Abstract on arXiv:1009.6188 ; doi: 10.1007/s10825-010-0332-9",
	url	= "http://docs.lib.purdue.edu/cgi/viewcontent.cgi?article=1734&context=nanopub",
}
@article{19rahman2010,
	author	= "Rajib Rahman and Richard Muller and James Levy and Malcolm Carroll and Gerhard Klimeck and Andrew Greentree and Lloyd Hollenberg",
	title	= "Coherent electron transport by adiabatic passage in an imperfect donor chain",
	journal	= "Physical Review B",
	year	= "2010",
	volume	= "55",
	number	= "3",
	note	= "Phys. Rev. B. (2010)  Vol. 55, Issue 3; doi:10.1103/PhysRevB.82.155315",
	url	= "http://docs.lib.purdue.edu/cgi/viewcontent.cgi?article=1506&context=nanopub",
}
@article{20park2010,
	author	= "Hong-Hyun Park and Gerhard Klimeck",
	title	= "Quantum approach to electronic noise calculations in the presence of electron-phonon interactions",
	journal	= "Physical Review B",
	year	= "2010",
	volume	= "81",
	number	= "12",
	note	= "Phys. Rev.B, Vol 81, 125328(2010); doi:10.1103/PhysRevB.82.125328 ",
	url	= "http://docs.lib.purdue.edu/cgi/viewcontent.cgi?article=1508&context=nanopub",
}
@article{21boykin2010,
	author	= "Timothy Boykin and Mathieu Luisier and Gerhard Klimeck",
	title	= "Current density and continuity in discretized models",
	journal	= "European Journal of Physics",
	year	= "2010",
	volume	= "31",
	number	= "5",
	note	= "European Journal of Physics, Vol 31, pg. 1077; doi:10.1088/0143-0807/31/5/010",
	url	= "http://docs.lib.purdue.edu/cgi/viewcontent.cgi?article=1509&context=nanopub",
}
@article{22shin2010,
	author	= "Mincheol Shin and Sunhee Lee and Gerhard Klimeck",
	title	= "Computational Study on the Performance of Si nanowire pMOSFETs based on the k.p method",
	journal	= "IEEE Transactions on Electron Devices",
	year	= "2010",
	volume	= "57",
	note	= "IEEE Transactions on Electron Devices, Vol. 57, Issue: 9, Page(s): 2274 - 2283, Sept. 2010;doi: 10.1109/TED.2010.2052400  ",
	url	= "http://docs.lib.purdue.edu/cgi/viewcontent.cgi?article=1805&context=nanopub",
}
@article{1054neophytou2010,
	author	= "Neophytos Neophytou and SungGeun Kim and Gerhard Klimeck and Hans Kosina",
	title	= "On the bandstructure velocity and ballistic current of ultra-narrow silicon nanowire transistors as a function of cross section size, orientation, and bias",
	journal	= "Journal of Applied Physics",
	year	= "2010",
	volume	= "107",
	number	= "11",
	note	= "J. Appl. Phys., Vol. 107, 113701 (2010); doi:10.1063/1.3372764",
	url	= "http://www.virtualjournals.org/",
}
@article{23strachan2010,
	author	= "Alejandro Strachan and Gerhard Klimeck and Mark Lundstrom",
	title	= "Cyber-Enabled Simulations in Nanoscale Science and Engineering",
	journal	= "Computing in Science and Engineering",
	year	= "2010",
	volume	= "12",
	number	= "2",
	note	= "Computing in Science and Engineering, Vol. 12, pg: 12-17 (2010);doi:10.1109/MCSE.2010.38  ",
	url	= "http://docs.lib.purdue.edu/cgi/viewcontent.cgi?article=1589&context=nanopub",
}
@article{24boykin2010,
	author	= "Timothy Boykin and Mathieu Luisier and Mehdi Salmani-Jelodar and Gerhard Klimeck",
	title	= "Strain-induced, off-diagonal, same-atom parameters in empirical tight-binding theory suitable for [110] uniaxial strain applied to a silicon parameterization",
	journal	= "Physical Review B",
	year	= "2010",
	volume	= "81",
	note	= "Phys. Rev. B, Vol 81, 125202 (2010); doi:10.1103/PhysRevB.81.125202",
	url	= "http://docs.lib.purdue.edu/cgi/viewcontent.cgi?article=1511&context=nanopub",
}
@article{25luisier2010,
	author	= "Mathieu Luisier and Gerhard Klimeck",
	title	= "Simulation of nanowire tunneling transistors: From the Wentzel-Kramers-Brillouin approximation to full-band phonon-assisted tunneling",
	journal	= "Journal of Applied Physics",
	year	= "2010",
	volume	= "107",
	number	= "8",
	note	= "J. Appl. Phys., Vol. 107, 084507 (2010); doi:10.1063/1.3386521",
	url	= "http://docs.lib.purdue.edu/cgi/viewcontent.cgi?article=1512&context=nanopub",
}
@article{26agarwal2010,
	author	= "Samarth Agarwal and Gerhard Klimeck and Mathieu Luisier",
	title	= "Leakage Reduction Design Concepts for Low Power Vertical Tunneling Field-Effect Transistors",
	journal	= "IEEE Electronic Device Letters",
	year	= "2010",
	volume	= "31",
	number	= "6",
	note	= "IEEE Electronic Device Letters, Vol. 31, Issue: 6, Page(s):621 - 623, June 2010 ;doi:10.1109/LED.2010.2046011  ",
	url	= "http://docs.lib.purdue.edu/cgi/viewcontent.cgi?article=1736&context=nanopub",
}
@article{27luisier2010,
	author	= "Mathieu Luisier and Gerhard Klimeck",
	title	= "Numerical Strategies towards Peta-Scale Simulations of Nanoelectronics Devices",
	journal	= "Parallel Computing",
	year	= "2010",
	volume	= "36",
	number	= "2-3",
	note	= "Parallel Computing (PARCO), Vol. 36, pg. 117-128 (2010); doi:10.1016/j.parco.2010.01.003",
	url	= "http://docs.lib.purdue.edu/cgi/viewcontent.cgi?article=1513&context=nanopub",
}
@article{28paul2010,
	author	= "Abhijeet Paul and Saumitra Mehrotra and Mathieu Luisier and Gerhard Klimeck",
	title	= "Performance Prediction of Ultra-scaled SiGe/Si Core/Shell Electron and Hole Nanowire MOSFETs",
	journal	= "IEEE Electronic Device Letters",
	year	= "2010",
	volume	= "31",
	note	= "IEEE Electron Device  Letters, Vol. 31,  Issue: 4,  Page(s): 278-280,  April 2010; doi:10.1109/LED.2010.2040577",
	url	= "http://docs.lib.purdue.edu/cgi/viewcontent.cgi?article=1807&context=nanopub",
}
@article{29klimeck2010,
	author	= "Gerhard Klimeck and Mathieu Luisier",
	title	= "Atomistic Modeling of Realistically Extended Semiconductor Devices with NEMO/OMEN",
	journal	= "IEEE Computing in Science and Engineering",
	year	= "2010",
	volume	= "12",
	note	= "IEEE Computing in Science and Engineering (CISE), Vol.12, Issue: 2, Pages: 28-35, March-April 2010;doi:10.1109/MCSE.2010.32",
	url	= "http://docs.lib.purdue.edu/cgi/viewcontent.cgi?article=1712&context=nanopub",
}
@article{31agarwal2010,
	author	= "Samarth Agarwal and Kyle Montgomery and Timothy Boykin and Gerhard Klimeck and Jerry Woodall",
	title	= "Design Guidelines for True Green LEDs and High Efficiency Photovoltaics Using ZnSe/GaAs Digital Alloys",
	journal	= "Electrochemical and Solid-State Letters",
	year	= "2010",
	volume	= "13",
	number	= "1",
	note	= "Electrochemical and Solid-State Lett., Vol. 13, pp. H5-H7 (2010); doi:10.1149/1.3250436",
	url	= "http://docs.lib.purdue.edu/cgi/viewcontent.cgi?article=1462&context=nanopub",
}
@article{42usman2009,
	author	= "Muhammad Usman and Hoon Ryu and Jerry Woodall and David Ebert and Gerhard Klimeck",
	title	= "Moving towards nano-TCAD through multi-million atom quantum dot simulations matching experimental data",
	journal	= "IEEE Transactions on Nanotechnology",
	year	= "2009",
	volume	= "8",
	number	= "3",
	note	= "IEEE Transactions on Nanotechnology, Vol. 8, Issue: 3, Page(s): 330 - 344, May 2009; doi : 10.1109/TNANO.2008.2011900",
	url	= "http://arxiv.org/abs/0812.3814",
}
@article{30tettamanzi2009,
	author	= "Giuseppe Tettamanzi and Abhijeet Paul and Gabriel Lansbergen and Jan Verduijn and Sunhee Lee and Nadine Collaert and Serge Biesemans and Gerhard Klimeck and Sven Rogge",
	title	= "Thermionic Emission as a tool to study transport in undoped nFinFETs",
	journal	= "IEEE Electronic Device Letters",
	year	= "2009",
	volume	= "31",
	number	= "2",
	note	= "IEEE Electron Device Letters, Vol. 31,  Issue: 2, Page(s): 150 - 152, Feb. 2010; doi:10.1109/LED.2009.2036134",
	url	= "http://docs.lib.purdue.edu/cgi/viewcontent.cgi?article=1515&context=nanopub",
}
@article{32luisier2009,
	author	= "Mathieu Luisier and Gerhard Klimeck",
	title	= "Atomistic Full-Band Simulations of Si Nanowire Transistors: Effects of Electron-Phonon Scattering",
	journal	= "Physical Review B",
	year	= "2009",
	volume	= "80",
	note	= "Phys. Rev. B, Vol. 80, 155430 (2009); doi:10.1103/PhysRevB.80.155430",
	url	= "http://docs.lib.purdue.edu/cgi/viewcontent.cgi?article=1461&context=nanopub",
}
@article{33rahman2009,
	author	= "Rajib Rahman and Gabriel Lansbergen and Seung Hyun Park and Jan Verduijn and Gerhard Klimeck and Sven Rogge and Lloyd Hollenberg",
	title	= "Orbital Stark effect and quantum confinement transition of donors in silicon",
	journal	= "Physical Review B",
	year	= "2009",
	volume	= "80",
	number	= "16",
	note	= "Phys. Rev. B, Vol. 80, 098936 (2009) arXiv 0904.4281 ; doi:10.1103/PhysRevB.80.165314",
	url	= "http://arxiv.org/abs/0904.4281",
}
@article{34rahman2009,
	author	= "Rajib Rahman and Seung Hyun Park and Timothy Boykin and Gerhard Klimeck and Sven Rogge and Lloyd Hollenberg",
	title	= "Gate induced g-factor control and dimensional transition for donors in multi-valley semiconductors",
	journal	= "Physical Review B",
	year	= "2009",
	volume	= "134935",
	note	= "Physical Review B, Vol. 80 134935 (2009); doi:10.1103/PhysRevB.80.155301",
	url	= "http://www.virtualjournals.org/",
}
@article{35park2009,
	author	= "Seung Hyun Park and Rajib Rahman and Gerhard Klimeck and Lloyd Hollenberg",
	title	= "Mapping donor electron wave function deformations at sub-Bohr orbit resolution",
	journal	= "Physical Review Letters",
	year	= "2009",
	volume	= "103",
	number	= "10",
	note	= "Phys. Rev. Lett., Vol. 103, 106802 (2009); doi:10.1103/PhysRevLett.103.106802",
	url	= "http://www.virtualjournals.org/",
}
@article{36haley2009,
	author	= "Benjamin Haley and Gerhard Klimeck and Mathieu Luisier and Dragica Vasileska and Abhijeet Paul and Swaroop Shivarajapura and Diane Beaudoin",
	title	= "Computational nanoelectronics research and education at nanoHUB.org",
	journal	= "Journal of Computational Electronics",
	year	= "2009",
	volume	= "8",
	number	= "2",
	note	= "Journal of Computational Electronics, Vol. 8, pp. 124–131 (2009); doi:10.1007/s10825-009-0273-3",
	url	= "http://docs.lib.purdue.edu/cgi/viewcontent.cgi?article=1516&context=nanopub",
}
@article{37rahman2009,
	author	= "Rajib Rahman and Seung Hyun Park and Andrew Greentree and Richard Muller and Gerhard Klimeck and Lloyd Hollenberg",
	title	= "Atomistic simulations of adiabatic coherent electron transport in triple donor systems",
	journal	= "Physical Review B",
	year	= "2009",
	volume	= "80",
	number	= "3",
	note	= "Phys. Rev. B, Vol. 80, 035302 (2009); doi:10.1103/PhysRevB.80.035302",
	url	= "http://www.virtualjournals.org/",
}
@article{38luisier2009,
	author	= "Mathieu Luisier and Gerhard Klimeck",
	title	= "Performance analysis of statistical samples of graphene nanoribbon tunneling transistors with line edge roughness",
	journal	= "Applied Physical Letters",
	year	= "2009",
	volume	= "94",
	number	= "22",
	note	= "Applied Physics Lett., Vol. 94, 223505 (2009); doi:10.1063/1.3140505",
	url	= "http://docs.lib.purdue.edu/cgi/viewcontent.cgi?article=1381&context=nanopub",
}
@article{39zhao2009,
	author	= "Hui Zhao and Raseong Kim and Abhijeet Paul and Mathieu Luisier and Gerhard Klimeck and Fa-Jun Ma and Subhash Rustagi and Ganesh Samudra and Navab Singh and Guo-Qiang Lo and Dim-Lee Kwong",
	title	= "Characterization and Modeling of Subfemtofarad Nanowire Capacitance Using the CBCM Technique",
	journal	= "IEEE Electronic Device Letters",
	year	= "2009",
	volume	= "30",
	number	= "5",
	note	= "IEEE Electron Device Letters, Vol. 30, Issue: 5, Page(s): 526-528, May 2009; doi:10.1109/LED.2009.2015588",
	url	= "http://docs.lib.purdue.edu/cgi/viewcontent.cgi?article=1418&context=nanopub",
}
@article{40luisier2009,
	author	= "Mathieu Luisier and Gerhard Klimeck",
	title	= "Atomistic, Full-Band Design Study of InAs Band-to-Band Tunneling Field-Effect Transistors",
	journal	= "IEEE Electronic Device Letters",
	year	= "2009",
	volume	= "30",
	number	= "6",
	note	= "IEEE Electron Device Letters, Vol. 30,  Issue: 6, Page(s): 602-604, June  2009; doi:10.1109/LED.2009.2020442",
	url	= "http://docs.lib.purdue.edu/cgi/viewcontent.cgi?article=1391&context=nanopub",
}
@article{41klimeck2009,
	author	= "Gerhard Klimeck and Neophytos Neophytou",
	title	= "Design Space for Low Sensitivity to Size Variations in [110] PMOS Nanowire Devices: The Implications of Anisotropy in the Quantization Mass",
	journal	= "Nano Letters",
	year	= "2009",
	volume	= "9",
	number	= "2",
	note	= "Nano Lett., Vol. 9, pp. 623–630, Published January 13, 2009; doi:10.1021/nl802893m",
	url	= "https://engineering.purdue.edu/gekcogrp/publications/pubs_src/DOC41_nl802893m.pdf",
}
@article{43kharche2009,
	author	= "Neerav Kharche and Seongmin Kim and Timothy Boykin and Gerhard Klimeck",
	title	= "Valley Degeneracies in (111) Silicon Quantum Wells",
	journal	= "Applied Physical Letters",
	year	= "2009",
	volume	= "94",
	number	= "4",
	note	= "Applied Physics Lett., Vol. 94, 042101 (2009); doi:10.1063/1.3068499",
	url	= "http://arxiv.org/abs/0812.3681v1",
}
@article{44boykin2009,
	author	= "Timothy Boykin and Neerav Kharche and Gerhard Klimeck",
	title	= "Non-primitive rectangular cells for tight-binding electronic structure calculations",
	journal	= "Physica E",
	year	= "2009",
	volume	= "41",
	number	= "3",
	note	= "Physica E, Vol. 41, pp. 490-494 (2009); doi:10.1016/j.physe.2008.09.022",
	url	= "http://docs.lib.purdue.edu/cgi/viewcontent.cgi?article=1534&context=nanopub",
}
@article{45palaria2008,
	author	= "Amritanshu Palaria and Gerhard Klimeck and Alejandro Strachan",
	title	= "Structures and energetics of Silicon nanotubes from molecular dynamics and density functional theory",
	journal	= "Physical Review B",
	year	= "2008",
	volume	= "78",
	number	= "20",
	note	= "Phys. Rev. B, Vol. 78, 205315 (2008); doi:10.1103/PhysRevB.78.205315",
	url	= "http://docs.lib.purdue.edu/cgi/viewcontent.cgi?article=1344&context=nanopub",
}
@article{46lundstrom2008,
	author	= "Mark Lundstrom and Gerhard Klimeck and George Adams III. and Michael McLennan",
	title	= "HUB is where the heart is",
	journal	= "IEEEMagazine",
	year	= "2008",
	volume	= "2",
	note	= "IEEE Nanotechnology Magazine, Vol. 2,  Issue: 1, Page(s): 28-31, March 2008; doi:10.1109/MNANO.2008.920959",
	url	= "http://docs.lib.purdue.edu/cgi/viewcontent.cgi?article=1415&context=nanopub",
}
@article{47neophytou2008,
	author	= "Neophytos Neophytou and Abhijeet Paul and Gerhard Klimeck",
	title	= "Bandstructure Effects in Silicon Nanowire Hole Transport",
	journal	= "Special issue on nanowires",
	year	= "2008",
	volume	= "7",
	number	= "6",
	note	= "IEEE Transactions on Nanotechnology, Vol. 7,  Issue: 6, Page(s): 710-719,  Nov. 2008, - Special issue on nanowires; doi:10.1109/TNANO.2008.2006272",
	url	= "http://arxiv.org/abs/0809.3492",
}
@article{48wilkins-diehr2008,
	author	= "Nancy Wilkins-Diehr and Dennis Gannon and Gerhard Klimeck and Scott Oster and Sudhakar Pamidighantam",
	title	= "TeraGrid Science Gateways and Their Impact on Science",
	journal	= "IEEE Computer",
	year	= "2008",
	volume	= "41",
	number	= "11",
	note	= "IEEE Computer, Vol. 41,  Issue: 11, Page(s): 32-41, June 2008; doi : 10.1109/MC.2008.470 ",
	url	= "http://docs.lib.purdue.edu/cgi/viewcontent.cgi?article=1414&context=nanopub",
}
@article{49kim2008,
	author	= "Raseong Kim and Neophytos Neophytou and Abhijeet Paul and Gerhard Klimeck and Mark Lundstrom",
	title	= "Dimensionality in metal-oxide-semiconductor field-effect transistors: A comparison of one-dimensional and two-dimensional ballistic transistors",
	journal	= "Journal of Vacuum Science & Technology B",
	year	= "2008",
	volume	= "26",
	number	= "4",
	note	= "J. Vac. Sci. Technol. B, Vol. 26, pp. 1628-1631 (2008); doi:10.1116/1.2908442",
	url	= "http://docs.lib.purdue.edu/cgi/viewcontent.cgi?article=1124&context=nanopub",
}
@article{50srinivasan2008,
	author	= "Srikant Srinivasan and Gerhard Klimeck and Leonid Rokhinson",
	title	= "Valley splitting in Si quantum dots embedded in SiGe",
	journal	= "Applied Physical Letters",
	year	= "2008",
	volume	= "93",
	number	= "11",
	note	= "Applied Physics Letters, Vol. 93, pg. 112102 (2008); doi :10.1063/1.2981577 ",
	url	= "http://arxiv.org/abs/0808.1234",
}
@article{51korkusinski2008,
	author	= "Marek Korkusinski and Pawel Hawrylak and M. Zielinski and W. Sheng and Gerhard Klimeck",
	title	= "Building semiconductor nanostructures atom by atom",
	journal	= "Microelectronics Journal",
	year	= "2008",
	volume	= "39",
	number	= "3-4",
	note	= "Microelectronics Journal Vol. 39 pg. 318-326 (2008); doi : 10.1016/j.mejo.2007.07.016",
	url	= "http://docs.lib.purdue.edu/cgi/viewcontent.cgi?article=1170&context=nanopub",
}
@article{52ahmed2008,
	author	= "Shaikh Ahmed and Neerav Kharche and Rajib Rahman and Muhammad Usman and Sunhee Lee and Hoon Ryu and Hansang Bae and Steven Clark and Benjamin Haley and Maxim Naumov and Faisal Saied and Marek Korkusinski and Rick Kennel and Michael McLennan and Timothy Boykin and Gerhard Klimeck",
	title	= "Multimillion Atom Simulations with NEMO 3-D",
	journal	= "Springer Encyclopedia for Complexity",
	year	= "2008",
	volume	= "2",
	note	= "Springer Encyclopedia for Complexity, pp 5745-5783, 2008, Published 2009;doi:10.1007/978-0-387-30440-3_343",
	url	= "http://arxiv.org/pdf/0901.1890v1",
}
@article{53li2008,
	author	= "Song Li and Shaikh Ahmed and Gerhard Klimeck and Eric Darve",
	title	= "Computing entries of the inverse of a sparse matrix using the FIND algorithm",
	journal	= "Journal of Computational Physics",
	year	= "2008",
	volume	= "227",
	number	= "22",
	note	= "Journal of Computational Physics, Vol 227, pp. 9408-9427 (2008) ; doi : 10.1016/j.jcp.2008.06.033 ",
	url	= "http://www.sciencedirect.com/science?_ob=ArticleURL&_udi=B6WHY-4T0WK23-1&_user=1537463&_rdoc=1&_fmt=&_orig=search&_sort=d&view=c&_acct=C000053622&_version=1&_urlVersion=0&_userid=1537463&md5=3a6dd2e9f4211bd9bf7d250ef5ce1703",
}
@article{55lansbergen2008,
	author	= "Gabriel Lansbergen and Rajib Rahman and Cameron. Wellard and J. Caro and Nadine Collaert and Serge Biesemans and Jerry Woodall and Gerhard Klimeck and Lloyd Hollenberg and Sven Rogge",
	title	= "Gate induced quantum confinement transition of a single dopant atom in a Si FinFET",
	journal	= "Nature Physics",
	year	= "2008",
	volume	= "4",
	note	= "Nature Physics, Vol. 4, pg. 656 (2008) ; doi : 10.1038/nphys994 ",
	url	= "http://docs.lib.purdue.edu/cgi/viewcontent.cgi?article=1129&context=nanopub",
}
@article{56neophytou2008,
	author	= "Neophytos Neophytou and Abhijeet Paul and Mark Lundstrom and Gerhard Klimeck",
	title	= "Bandstructure Effects in Silicon Nanowire Electron Transport",
	journal	= "IEEE Transaction on Electron Devices",
	year	= "2008",
	volume	= "55",
	number	= "6",
	note	= "IEEE Transaction on Electron Devices, Vol. 55, Issue: 6, Page(s): 1286 - 1297, June 2008, pg. 1286 - 1297 ; doi: 10.1109/TED.2008.920233",
	url	= "http://docs.lib.purdue.edu/cgi/viewcontent.cgi?article=1412&context=nanopub",
}
@article{57liu2008,
	author	= "Yang Liu and Neophytos Neophytou and Gerhard Klimeck and Mark Lundstrom",
	title	= "Band-Structure Effects on the Performance of III-V Ultrathin-body SOI MOSFETs",
	journal	= "IEEE Transaction on Electron Devices",
	year	= "2008",
	volume	= "55",
	number	= "5",
	note	= "IEEE Transaction on Electron Devices, Vol. 55, Issue 5, Page(s): 1116 - 22, May 2008; doi : 10.1109/TED.2008.919290 ",
	url	= "http://docs.lib.purdue.edu/cgi/viewcontent.cgi?article=1091&context=nanodocs",
}
@article{58fiori2008,
	author	= "Gianluca Fiori and Giuseppe Iannaccone and Gerhard Klimeck",
	title	= "Corrections to: A Three-Dimensional Simulation Study of the Performance of Carbon Nanotube Field-Effect Transistors With Doped Reservoirs and Realistic Geometry",
	journal	= "IEEE Transaction on Electron Devices",
	year	= "2008",
	volume	= "55",
	number	= "4",
	note	= "IEEE Transaction on Electron Devices, Vol. 55,  Issue: 4, Page(s): 1094 - 1095, April 2008; doi: 10.1109/TED.2008.917329 ",
	url	= "http://docs.lib.purdue.edu/cgi/viewcontent.cgi?article=1112&context=nanodocs",
}
@article{59klimeck2008,
	author	= "Gerhard Klimeck and Michael McLennan and Sean Brophy and George Adams III. and Mark Lundstrom",
	title	= "nanoHUB.org:  Advancing Education and Research in Nanotechnology",
	journal	= "IEEE Computer",
	year	= "2008",
	volume	= "10",
	number	= "5",
	note	= "IEEE Computers in Engineering and Science (CISE), Vol. 10,  Issue: 5, Page(s): 17 - 23, Sept.-Oct. 2008;doi:10.1109/MCSE.2008.120  ",
	url	= "http://docs.lib.purdue.edu/cgi/viewcontent.cgi?article=1079&context=nanodocs",
}
@article{60boykin2008,
	author	= "Timothy Boykin and Mathieu Luisier and Gerhard Klimeck",
	title	= "Multiband transmission calculations for nanowires using an optimized renormalization method",
	journal	= "Physical Review B",
	year	= "2008",
	volume	= "77",
	number	= "16",
	note	= "Phys Rev B, Vol. 77, 165318 (2008); doi : 10.1103/PhysRevB.77.165318",
	url	= "http://docs.lib.purdue.edu/cgi/viewcontent.cgi?article=1080&context=nanodocs",
}
@article{61naumov2008,
	author	= "Maxim Naumov and Sunhee Lee and Benjamin Haley and Rajib Rahman and Hoon Ryu and Faisal Saied and Steven Clark and Gerhard Klimeck",
	title	= "Eigenvalue Solvers for Atomistic Simulations of Electronic Structures with NEMO-3D",
	journal	= "Journal of Computational Electronics",
	year	= "2008",
	volume	= "2",
	number	= "3",
	note	= "Journal of Computational Electronics, 2008, Vol. 7, pg. 297-300 (2008); doi : 10.1007/s10825-008-0223-5",
	url	= "http://docs.lib.purdue.edu/cgi/viewcontent.cgi?article=1081&context=nanodocs",
}
@article{62golizadeh-mojarad2008,
	author	= "Roksana Golizadeh-Mojarad and A.N.M. Zainuddin and Shaikh Ahmed and Gerhard Klimeck and Supriyo Datta",
	title	= "Atomistic Non-equilibrium Green's Function Simulations of Graphene Nano-Ribbons in the Quantum Hall Regime",
	journal	= "Journal of Computational Electronics",
	year	= "2008",
	volume	= "2",
	note	= "Journal of Computational Electronics, 2007, Vol. 7, pg. 407-410 (2008); doi : 10.1007/s10825-008-0190-x",
	url	= "http://docs.lib.purdue.edu/cgi/viewcontent.cgi?article=1082&context=nanodocs",
}
@article{63kharche2008,
	author	= "Neerav Kharche and Mathieu Luisier and Timothy Boykin and Gerhard Klimeck",
	title	= "Electronic Structure and Transmission Characteristics of SiGe Nanowires",
	journal	= "Journal of Computational Electronics",
	year	= "2008",
	volume	= "2",
	number	= "3",
	note	= "Journal of Computational Electronics, 2007, Vol. 7, pg. 350-354 (2008);doi: 10.1007/s10825-008-0191-9 ",
	url	= "http://docs.lib.purdue.edu/cgi/viewcontent.cgi?article=1083&context=nanodocs",
}
@article{64neophytou2008,
	author	= "Neophytos Neophytou and Abhijeet Paul and Mark Lundstrom and Gerhard Klimeck",
	title	= "Simulation of nanowire transistors: Atomistic vs. Effective Mass Models",
	journal	= "Journal of Computational Electronics",
	year	= "2008",
	volume	= "2",
	note	= "Journal of Computational Electronics, 2007, Vol. 7, pg. 363-366 (2008); doi : 10.1007/s10825-008-0188-4",
	url	= "http://www.springerlink.com/content/a6q8jx2h8q5206m7/?p=202e018983f24cfc95cf3ca387e7a36b&pi=25",
}
@article{65muralidharan2008,
	author	= "Bhaskaran Muralidharan and Hoon Ryu and Zhen Huang and Gerhard Klimeck",
	title	= "NEMO-3D based Atomistic Simulation of a Double Quantum Dot Structure for Spin-Blockaded Transport",
	journal	= "Journal of Computational Electronics",
	year	= "2008",
	volume	= "7",
	number	= "3",
	note	= "Journal of Computational Electronics, Vol 7, pg. 403-406 (2008);doi:10.1007/s10825-008-0203-9",
	url	= "http://docs.lib.purdue.edu/cgi/viewcontent.cgi?article=1085&context=nanodocs",
}
@article{66liu2008,
	author	= "Yang Liu and Neophytos Neophytou and Tony Low and Gerhard Klimeck and Mark Lundstrom",
	title	= "A Tight-binding Study of the Ballistic Injection Velocity for Ultrathin-body SOI MOSFETs",
	journal	= "IEEE Transaction on Electron Devices",
	year	= "2008",
	volume	= "55",
	number	= "3",
	note	= "IEEE Transaction on Electron Devices, Vol. 55, Issue: 3, Page(s): 866 - 871,  March 2008; doi : 10.1109/TED.2007.915056 ",
	url	= "http://docs.lib.purdue.edu/cgi/viewcontent.cgi?article=1086&context=nanodocs",
}
@article{54boykin2007,
	author	= "Timothy Boykin and Neerav Kharche and Gerhard Klimeck",
	title	= "Valley Splitting in Finite Barrier Quantum Wells",
	journal	= "Physical Review B",
	year	= "2007",
	volume	= "77",
	number	= "24",
	note	= "Phys. Rev. B, Vol. 77, 245320 (2007); doi : 10.1103/PhysRevB.77.245320",
	url	= "http://docs.lib.purdue.edu/cgi/viewcontent.cgi?article=1148&context=nanopub",
}
@article{67rahman2007,
	author	= "Rajib Rahman and Cameron. Wellard and Forrest Bradbury and Martha Prada and Gerhard Klimeck and Lloyd Hollenberg",
	title	= "High precision quantum control of single donor spins in Si",
	journal	= "Physical Review Letters",
	year	= "2007",
	volume	= "99",
	number	= "3",
	note	= "Physical Review Letters, Vol 99, pg 036403 (2007) ; doi : 10.1103/PhysRevLett.99.036403 ",
	url	= "http://arxiv.org/abs/0705.2079",
}
@article{68boykin2007,
	author	= "Timothy Boykin and Neerav Kharche and Gerhard Klimeck",
	title	= "Brillouin-zone unfolding of perfect supercells having nonequivalent primitive cells illustrated with a Si / Ge tight-binding parameterization",
	journal	= "Physical Review B",
	year	= "2007",
	volume	= "76",
	number	= "3",
	note	= "Phys. Rev. B Vol 76, 035310 (2007); doi : 10.1103/PhysRevB.76.035310 ",
	url	= "http://docs.lib.purdue.edu/cgi/viewcontent.cgi?article=1739&context=nanopub",
}
@article{69yanik2007,
	author	= "Ahmet Yanik and Gerhard Klimeck and Supriyo Datta",
	title	= "Quantum Transport with Spin Dephasing: A Nonequilibrium Green's function Approach",
	journal	= "Physical Review",
	year	= "2007",
	volume	= "76",
	note	= "Phys. Rev. Vol. 76, 045213 (2007);doi:10.1103/PhysRevB.76.045213",
	url	= "http://xxx.lanl.gov/abs/cond-mat/0605037",
}
@article{70klimeck2007,
	author	= "Gerhard Klimeck and Shaikh Ahmed and Neerav Kharche and Marek Korkusinski and Muhammad Usman and Martha Prada and Timothy Boykin",
	title	= "Atomistic Simulation of Realistically Sized Nanodevices Using NEMO 3-D: Part II - Applications",
	journal	= "Special Issue on Nanoelectronic Device Modeling",
	year	= "2007",
	volume	= "54",
	number	= "9",
	note	= "IEEE Transactions on Electron Devices, Vol. 54, Issue 9, Page(s):2090 - 2099, Sept. 2007, (INVITED) Special Issue on Nanoelectronic Device Modeling; doi : 10.1109/TED.2007.904877 ",
	url	= "http://docs.lib.purdue.edu/cgi/viewcontent.cgi?article=1109&context=nanodocs",
}
@article{71klimeck2007,
	author	= "Gerhard Klimeck and Shaikh Ahmed and Hansang Bae and Neerav Kharche and Rajib Rahman and Steven Clark and Benjamin Haley and Sunhee Lee and Maxim Naumov and Hoon Ryu and Faisal Saied and Martha Prada and Marek Korkusinski and Timothy Boykin",
	title	= "Atomistic Simulation of Realistically Sized Nanodevices Using NEMO 3-D: Part I - Models and Benchmarks",
	journal	= "Special Issue on Nanoelectronic Device Modeling",
	year	= "2007",
	volume	= "54",
	number	= "9",
	note	= "IEEE Transactions on Electron Devices, Vol. 54, Issue 9, Page(s):2079 - 2089, Sept. 2007, (INVITED) Special Issue on Nanoelectronic Device Modeling;doi : 10.1109/TED.2007.902879",
	url	= "http://docs.lib.purdue.edu/cgi/viewcontent.cgi?article=1108&context=nanodocs",
}
@article{72boykin2007,
	author	= "Timothy Boykin and Neerav Kharche and Gerhard Klimeck",
	title	= "Evolution Time and Energy Uncertainty",
	journal	= "European Journal of Physics",
	year	= "2007",
	volume	= "28",
	number	= "4",
	note	= "Eur. J. Phys. 28 (2007) 673-678 (2007); doi : 10.1088/0143-0807/28/4/007 ",
	url	= "http://docs.lib.purdue.edu/cgi/viewcontent.cgi?article=1095&context=nanodocs",
}
@article{73neophytou2007,
	author	= "Neophytos Neophytou and Shaikh Ahmed and Gerhard Klimeck",
	title	= "Influence of Vacancies on Metallic Nanotube Transport Properties",
	journal	= "Applied Physical Letters",
	year	= "2007",
	volume	= "90",
	number	= "18",
	note	= "Applied Physics Letters, Vol 90, 182119 (2007); doi : 10.1063/1.2736295 ",
	url	= "http://docs.lib.purdue.edu/cgi/viewcontent.cgi?article=1096&context=nanodocs",
}
@article{74fiori2007,
	author	= "Gianluca Fiori and Giuseppe Iannaccone and Gerhard Klimeck",
	title	= "Coupled mode space approach for the simulation of realistic Carbon Nanotube Field Effect Transistors",
	journal	= "IEEE Transaction",
	year	= "2007",
	volume	= "6",
	number	= "4",
	note	= "IEEE Transaction on Nanotechnology, Vol. 6,  Issue: 4,  Page(s): 475 - 480, July 2007; doi : 10.1109/TNANO.2007.896842",
	url	= "http://docs.lib.purdue.edu/cgi/viewcontent.cgi?article=1032&context=nanodocs",
}
@article{75liang2007,
	author	= "Gengchiau Liang and Jie Xiang and Neerav Kharche and Gerhard Klimeck and Charles Lieber and Mark Lundstrom",
	title	= "Performance Analysis of a Ge/Si Core/Shell Nanowire Field Effect Transistor",
	journal	= "Nano Letters",
	year	= "2007",
	volume	= "7",
	number	= "3",
	note	= "Nano letters, Vol. 7, 642-646 (2007); doi : 10.1021/nl062596f ",
	url	= "http://arxiv.org/abs/cond-mat/0611226",
}
@article{76ahmed2007,
	author	= "Shaikh Ahmed and Gerhard Klimeck and Derrick Kearney and Michael McLennan and M. Anantram",
	title	= "Quantum Simulations of Dual Gate MOSFET Devices: Building and Deploying Community Nanotechnology Software Tools on nanoHUB.org",
	journal	= "Journal of High Speed Electronics and Systems",
	year	= "2007",
	volume	= "17",
	number	= "3",
	note	= "Journal of High Speed Electronics and Systems, Vol. 17, No 3, pp. 485-494 (2007);doi :10.1142/S0129156407004679",
	url	= "http://docs.lib.purdue.edu/cgi/viewcontent.cgi?article=1098&context=nanodocs",
}
@article{77kharche2007,
	author	= "Neerav Kharche and Martha Prada and Timothy Boykin and Gerhard Klimeck",
	title	= "Valley-splitting in strained Silicon quantum wells modeled with 2 miscuts, step disorder, and alloy disorder",
	journal	= "Applied Physical Letters",
	year	= "2007",
	volume	= "90",
	number	= "9",
	note	= "Applied Phys. Lett. Vol. 90, 092109 (2007); doi : 10.1063/1.2591432 ",
	url	= "http://docs.lib.purdue.edu/cgi/viewcontent.cgi?article=1099&context=nanodocs",
}
@article{78heitzinger2007,
	author	= "Clemens Heitzinger and Gerhard Klimeck",
	title	= "Computational aspects of the three-dimensional feature-scale simulation of silicon-nanowire field-effect sensors for DNA detection",
	journal	= "Journal of Computational Electronics",
	year	= "2007",
	volume	= "6",
	number	= "1",
	note	= "Journal of Computational Electronics, Vol. 6, pg. 387-390, (2007); doi : 10.1007/s10825-006-0139-x",
	url	= "http://docs.lib.purdue.edu/cgi/viewcontent.cgi?article=1408&context=nanopub",
}
@article{79luisier2007,
	author	= "Mathieu Luisier and Andreas Schenk and Wolfgang Fichtner and Gerhard Klimeck",
	title	= "Transport Calculation of Semiconductor Nanowires Coupled to Quantum Well Reservoirs",
	journal	= "Journal of Computational Electronics",
	year	= "2007",
	volume	= "6",
	note	= "Journal of Computational Electronics, Vol. 6, pg. 199-202, 2007;doi:10.1007/s10825-006-0108-4",
	url	= "http://docs.lib.purdue.edu/cgi/viewcontent.cgi?article=1101&context=nanodocs",
}
@article{80mitin2007,
	author	= "Vladimir Mitin and Nizami Vagidov and Mathieu Luisier and Gerhard Klimeck",
	title	= "Energy Dispersion Relations for Holes in Silicon Quantum Wells and Quantum Wires",
	journal	= "Journal of Computational Electronics",
	year	= "2007",
	volume	= "6",
	note	= "Journal of Computational Electronics Vol. 6, pg. 227-230, 2007; doi : 10.1007/s10825-006-0103-9",
	url	= "http://www.springerlink.com/content/b705611670431837/?p=fa0d671ac6aa4ea2806cffc86ee53cd0&pi=12",
}
@article{81boykin2007,
	author	= "Timothy Boykin and Neerav Kharche and Gerhard Klimeck and Marek Korkusinski",
	title	= "Approximate bandstructures of semiconductor alloys from tight-binding supercell calculations",
	journal	= "Journal of Physics: Condens Matter",
	year	= "2007",
	volume	= "19",
	number	= "3",
	note	= "J. Phys.: Condens. Matter 19 (2007) 036203 (14pp); doi : 10.1088/0953-8984/19/3/036203 ",
	url	= "http://docs.lib.purdue.edu/cgi/viewcontent.cgi?article=1104&context=nanodocs",
}
@article{82boykin2007,
	author	= "Timothy Boykin and Mathieu Luisier and Andreas Schenk and Neerav Kharche and Gerhard Klimeck",
	title	= "The electronic Structure and Transmission Characteristics of AlGaAs Nanowires",
	journal	= "IEEE Transactions on Nanotechnology",
	year	= "2007",
	volume	= "6",
	number	= "1",
	note	= "IEEE Transactions on Nanotechnology, Vol. 6, Issue: 1, Page(s): 43 - 47, Jan. 2007; doi : 10.1109/TNANO.2006.886776  ",
	url	= "http://docs.lib.purdue.edu/cgi/viewcontent.cgi?article=1105&context=nanodocs",
}
@article{83neophytou2006,
	author	= "Neophytos Neophytou and Shaikh Ahmed and Gerhard Klimeck",
	title	= "Non-Equilibrium Green's Function (NEGF) Simulation of Metallic Carbon Nanotubes including Vacancy Defects",
	journal	= "Journal of Computational Electronics",
	year	= "2006",
	volume	= "6",
	number	= "1",
	note	= "Journal of Computational Electronics, Vol. 6, pg. 317-320, 2006; doi : 10.1007/s10825-006-0116-4",
	url	= "http://www.springerlink.com/content/hq1j14057004785x/?p=fa0d671ac6aa4ea2806cffc86ee53cd0&pi=17",
}
@article{84qiao2006,
	author	= "Wei Qiao and Michael McLennan and Rick Kennel and David Ebert and Gerhard Klimeck",
	title	= "Hub-based Simulation and Graphics Hardware Accelerated Visualization for Nanotechnology Applications",
	journal	= "IEEE Transactions on Visualization and Computer Graphics",
	year	= "2006",
	volume	= "12",
	note	= "IEEE Transactions on Visualization and Computer Graphics, Vol. 12, Issue: 5, Page(s): 1061-1068, Sept.-Oct. 2006; doi : 10.1109/TVCG.2006.150  ",
	url	= "http://docs.lib.purdue.edu/cgi/viewcontent.cgi?article=1106&context=nanodocs",
}
@article{85luisier2006,
	author	= "Mathieu Luisier and Andreas Schenk and Wolfgang Fichtner and Gerhard Klimeck",
	title	= "Atomistic Simulation of Nanowires in the sp3d5s* Tight-Binding Formalism: from Boundary Conditions to Strain Calculations",
	journal	= "Physical Review B",
	year	= "2006",
	volume	= "74",
	note	= "Phys. Rev. B 74, 205323 (2006); doi : 10.1103/PhysRevB.74.205323",
	url	= "http://docs.lib.purdue.edu/cgi/viewcontent.cgi?article=1155&context=nanopub",
}
@article{86fiori2006,
	author	= "Gianluca Fiori and Giuseppe Iannaccone and Gerhard Klimeck",
	title	= "A Three-dimensional simulation study of the performance of Carbon Nanotube Field Effect Transistors with doped reservoirs and realistic geometry",
	journal	= "IEEE Transactions on Electron Devices",
	year	= "2006",
	volume	= "53",
	number	= "8",
	note	= "IEEE Transactions on Electron Devices, vol. 53,  Issue: 8, Page(s): 1782 - 1788, Aug. 2006; doi : 10.1109/TED.2006.878018  ",
	url	= "http://ieeexplore.ieee.org/search/srchabstract.jsp?arnumber=4475400&isnumber=4475396&punumber=16&k2dockey=4475400@ieeejrns&query=%28%28klimeck%29%3Cin%3Eau+%29&pos=6&access=no",
}
@article{87korkusinski2006,
	author	= "Marek Korkusinski and Gerhard Klimeck",
	title	= "Atomistic simulations of long-range strain and spatial asymmetry molecular states of seven quantum dots",
	journal	= "Journal of Physics: Conference Series",
	year	= "2006",
	volume	= "38",
	note	= "Journal of Physics: Conference Series Vol. 38, pg 75-78 (2006); doi : 10.1088/1742-6596/38/l/004",
	url	= "http://docs.lib.purdue.edu/cgi/viewcontent.cgi?article=1113&context=nanodocs",
}
@article{88boykin2006,
	author	= "Timothy Boykin and Neerav Kharche and Gerhard Klimeck",
	title	= "Allowed wavevectors under the application of incommensurate periodic boundary conditions",
	journal	= "European Journal of Physics",
	year	= "2006",
	volume	= "27",
	number	= "1",
	note	= "European Journal of Physics, vol 27, p 5 (2006); doi : 10.1088/0143-0807/27/1/002 ",
	url	= "http://docs.lib.purdue.edu/cgi/viewcontent.cgi?article=1185&context=nanopub",
}
@article{89drachev2006,
	author	= "V. Drachev and H.-K. Yuan and A. Sarychev and A. Kildishev and Gerhard Klimeck and V. Shalaev",
	title	= "Experimental verification of an optical negative-index material",
	journal	= "Laser Physics Letters",
	year	= "2006",
	volume	= "3",
	number	= "1",
	note	= "Laser Phys. Lett. Vol. 3, 49-55 (2006);doi:10.1002/lapl.200510062 ",
	url	= "http://docs.lib.purdue.edu/cgi/viewcontent.cgi?article=1809&context=nanopub",
}
@article{90martins2005,
	author	= "A. Martins and Timothy Boykin and Gerhard Klimeck and Belita Koiller",
	title	= "Conduction-band tight-binding description for silicon applied to P donors",
	journal	= "Physical Review B",
	year	= "2005",
	volume	= "72",
	note	= "Phys. Rev. B Vol. 72 pg. 193204 (2005); doi : 10.1103/PhysRevB.72.193204",
	url	= "http://arxiv.org/abs/cond-mat/0612240",
}
@article{91joe2005,
	author	= "Yong Joe and Arkady Satanin and Gerhard Klimeck",
	title	= "Interactions of Fano resonances in the transmission for an Aharonov-Bohm ring with two embedded quantum dots in the presence of a magnetic field",
	journal	= "Physical Review B",
	year	= "2005",
	volume	= "72",
	note	= "Physical Review B, Vol. 72, pg. 115310 (2005); doi : 10.1103/PhysRevB.72.115310 ",
	url	= "http://www.vjnano.org",
}
@article{92boykin2005,
	author	= "Timothy Boykin and Gerhard Klimeck",
	title	= "The discretized Schrödinger equation for the finite square well and its relationship to solid state physics",
	journal	= "European Journal of Physics",
	year	= "2005",
	volume	= "26",
	number	= "5",
	note	= "European Journal of Physics, Vol. 26 pp. 865-881(2005); doi : 10.1088/0143-0807/26/5/020",
	url	= "http://docs.lib.purdue.edu/cgi/viewcontent.cgi?article=1117&context=nanodocs",
}
@article{93wang2005,
	author	= "Jing Wang and Anisur Rahman and Avik Ghosh and Gerhard Klimeck and Mark Lundstrom",
	title	= "On the Validity of the Parabolic Effective-Mass Approximation for the I-V Calculation of Silicon Nanowire Transistors",
	journal	= "IEEE Transactions on Electron Devices",
	year	= "2005",
	volume	= "52",
	number	= "7",
	note	= "IEEE Transactions on Electron Devices, Volume:52 , Issue: 7, Page(s): 1589-1595, July 2005; doi: 10.1109/TED.2005.850945  ",
	url	= "http://arxiv.org/abs/cond-mat/0412278",
}
@article{94zheng2005,
	author	= "Yun Zheng and Christian Rivas and Roger Lake and Khairul Alam and Timothy Boykin and Gerhard Klimeck",
	title	= "Electronic Properties of Silicon Nanowires",
	journal	= "IEEE Transactions on Electron Devices",
	year	= "2005",
	volume	= "52",
	number	= "6",
	note	= "IEEE Transactions on Electron Devices, Vol. 52,  Issue: 6, Page(s): 1097-1103, June 2005; doi : 10.1109/TED.2005.848077  ",
	url	= "http://docs.lib.purdue.edu/cgi/viewcontent.cgi?article=1119&context=nanodocs",
}
@article{95green2005,
	author	= "Jeremy Green and Timothy Boykin and Corrie Farmer and Michel Garcia and Charles Ironside and Gerhard Klimeck and Roger Lake and Colin Stanley",
	title	= "Quantum cascade laser gain medium modeling using a second-nearest-neighbor sp3s* tight-binding model",
	journal	= "Superlattices and Microstructures",
	year	= "2005",
	volume	= "37",
	note	= "Superlattices and Microstructures, Vol. 37, pg. 410-424 (2005); doi : 10.1016/j.spmi.2005.03.003 ",
	url	= "http://docs.lib.purdue.edu/cgi/viewcontent.cgi?article=1191&context=nanopub",
}
@article{96boykin2005,
	author	= "Timothy Boykin and Gerhard Klimeck and Paul Allmen and Seungwon Lee and Fabiano Oyafuso",
	title	= "Valley-splitting in V-shaped quantum wells",
	journal	= "Journal of Applied Physics",
	year	= "2005",
	volume	= "97",
	number	= "11",
	note	= "Journal of Applied Physics, Vol. 97, pg. 113702 (2005); doi : 10.1063/1.1913798 ",
	url	= "http://docs.lib.purdue.edu/cgi/viewcontent.cgi?article=1520&context=nanopub",
}
@article{98wang2005,
	author	= "Jing Wang and Anisur Rahman and Avik Ghosh and Gerhard Klimeck and Mark Lundstrom",
	title	= "Performance Evaluation of Ballistic Silicon Nanowire Transistors with Atomic-basis Dispersion Relations",
	journal	= "Applied Physical Letters",
	year	= "2005",
	volume	= "86",
	number	= "9",
	note	= "in Applied Phys. Lett. Vol. 86 (9): Art. No. 093113 (2005); doi : 	10.1063/1.1873055",
	url	= "http://arxiv.org/abs/cond-mat/0410756",
}
@article{99boykin2005,
	author	= "Timothy Boykin and Gerhard Klimeck",
	title	= "Practical Application of Zone-Folding Concepts in Tight-Binding calculations",
	journal	= "Physical Review B",
	year	= "2005",
	volume	= "71",
	number	= "11",
	note	= "Physical Review B, V71, 115215 (2005); doi : 10.1103/PhysRevB.71.115215",
	url	= "http://scitation.aip.org/vsearch/servlet/VerityServlet?KEY=VIRT01&smode=results&&maxdisp=10&possible1=Practical+Application+of+Zone-Folding+Concepts+in+Tight-Binding&possible1zone=article&OUTLOG=NO&id=PRBMDO000071000011115215000001&viewabs=VIRT01&key=DISPLAY&docID=1&page=0&chapter=0",
}
@article{100rahman2005,
	author	= "Anisur Rahman and Gerhard Klimeck and Mark Lundstrom and Nizami Vagidov and Timothy Boykin",
	title	= "Atomistic Approach for NanoScale Devices at the Scaling Limit and Beyond - Valley Splitting in Si",
	journal	= "Japanese Journal of Applied Physics",
	year	= "2005",
	volume	= "44",
	number	= "4",
	note	= "Japanese Journal of Applied Physics Vol. 44, No. 4B, pp. 2187-2190 (2005); doi : 10.1143/JJAP.44.2187 ",
	url	= "http://docs.lib.purdue.edu/cgi/viewcontent.cgi?article=1124&context=nanodocs",
}
@article{101lee2005,
	author	= "Seungwon Lee and Paul Allmen and Fabiano Oyafuso and Gerhard Klimeck and K. Whaley",
	title	= "Effect of electron-nuclear spin interactions on electron-spin qubits localized in self-assembled quantum dots",
	journal	= "Journal of Applied Physics",
	year	= "2005",
	volume	= "97",
	note	= "Journal of Applied Physics, Vol. 97, 043706 (2005); doi : 	10.1063/1.1850605",
	url	= "http://arxiv.org/abs/quant-ph/0403122",
}
@article{97gardner2004,
	author	= "Carl Gardner and Gerhard Klimeck and Christian Ringhofer",
	title	= "Smooth Quantum Hydrodynamic Model vs. NEMO Simulation of a Resonant Tunneling Diode",
	journal	= "Journal of Computational Electronics",
	year	= "2004",
	volume	= "3",
	number	= "2",
	note	= "Journal of Computational Electronics, Vol. 3, No. 2, 95-102, 2004; doi : 10.1007/s10825-004-0314-x",
	url	= "http://docs.lib.purdue.edu/cgi/viewcontent.cgi?article=1121&context=nanodocs",
}
@article{102boykin2004,
	author	= "Timothy Boykin and Gerhard Klimeck and Mark Eriksson and Mark Friesen and Susan Coppersmith and Paul Allmen and Fabiano Oyafuso and Seungwon Lee",
	title	= "Valley splitting in low-density quantum-confined heterostructures studied using tight-binding models",
	journal	= "Physical Review B",
	year	= "2004",
	volume	= "70",
	note	= "Phys. Rev. B. Vol. 70, 165325 (2004);doi : 10.1103/PhysRevB.70.165325 ",
	url	= "http://docs.lib.purdue.edu/cgi/viewcontent.cgi?article=1126&context=nanodocs",
}
@article{103lazarenkova2004,
	author	= "Olga Lazarenkova and Paul Allmen and Fabiano Oyafuso and Seungwon Lee and Gerhard Klimeck",
	title	= "Effect of anharmonicity of the strain energy on band offsets in semiconductor nanostructures",
	journal	= "Applied Physical Letters",
	year	= "2004",
	volume	= "85",
	number	= "18",
	note	= "Appl. Phys. Lett. 85, 4193 (2004);doi : 10.1063/1.1814810",
	url	= "http://arxiv.org/abs/cond-mat/0405627",
}
@article{104lee2004,
	author	= "Seungwon Lee and Olga Lazarenkova and Fabiano Oyafuso and Paul Allmen and Gerhard Klimeck",
	title	= "Effect of wetting layers on the strain and electronic structure of InAs self-assembled quantum dots",
	journal	= "Physical Review B",
	year	= "2004",
	volume	= "70",
	number	= "12",
	note	= "Phys. Rev. B. Vol. 70, pg. 125307 (2004); doi : 10.1103/PhysRevB.70.125307",
	url	= "http://arxiv.org/abs/cond-mat/0405019",
}
@article{105boykin2004,
	author	= "Timothy Boykin and Gerhard Klimeck",
	title	= "The discretized Schrodinger equation and simple models for semiconductor quantum wells",
	journal	= "European Journal of Physics",
	year	= "2004",
	volume	= "25",
	number	= "4",
	note	= "Eur. J. Phys., Vol. 25 No 4, 503-514 (2004); doi : 10.1088/0143-0807/25/4/006 ",
	url	= "http://docs.lib.purdue.edu/cgi/viewcontent.cgi?article=1129&context=nanodocs",
}
@article{106lazarenkova2004,
	author	= "Olga Lazarenkova and Paul Allmen and Fabiano Oyafuso and Seungwon Lee and Gerhard Klimeck",
	title	= "An atomistic model for the simulation of acoustical phonons, strain distribution, and Grüneisen coefficients in zinc-blende semiconductors",
	journal	= "Superlattices and Microstructures",
	year	= "2004",
	volume	= "34",
	note	= "Superlattices and Microstructures, Vol 34, pg. 553-556 (2004);doi:10.1016/j.spmi.2004.03.057",
	url	= "http://docs.lib.purdue.edu/cgi/viewcontent.cgi?article=1200&context=nanopub",
}
@article{107lee2004,
	author	= "Seungwon Lee and Fabiano Oyafuso and Paul Allmen and Gerhard Klimeck",
	title	= "Boundary conditions for the electronic structure of finite-extent, embedded semiconductor nanostructures",
	journal	= "Physical Review B",
	year	= "2004",
	volume	= "69",
	number	= "4",
	note	= "Phys. Rev. B 69, 045316 (2004);doi: 10.1103/PhysRevB.69.045316",
	url	= "https://engineering.purdue.edu/gekcogrp/publications/pubs_src/DOC107_PhysRevB.69.045316.pdf",
}
@article{108boykin2004,
	author	= "Timothy Boykin and Gerhard Klimeck and Fabiano Oyafuso",
	title	= "Valence band effective mass expressions in the sp3d5s* empirical tight-binding model applied to a new Si and Ge parameterization",
	journal	= "Physical Review B",
	year	= "2004",
	volume	= "69",
	number	= "11",
	note	= "Phys. Rev. B. 69, 115201, No 11 (2004);doi:10.1103/PhysRevB.69.115201",
	url	= "https://engineering.purdue.edu/gekcogrp/publications/pubs_src/DOC108_PhysRevB.69.115201.pdf",
}
@article{109boykin2004,
	author	= "Timothy Boykin and Gerhard Klimeck and Mark Eriksson and Mark Friesen and Susan Coppersmith and Paul Allmen and Fabiano Oyafuso and Seungwon Lee",
	title	= "Valley splitting in strained silicon quantum wells",
	journal	= "Applied Physical Letters",
	year	= "2004",
	volume	= "84",
	number	= "1",
	note	= "Applied Physics Letters, Vol. 84, pg. 115-117, 2004; doi: 10.1063/1.1637718 ",
	url	= "http://arxiv.org/abs/cond-mat/0309663",
}
@article{110klimeck2003,
	author	= "Gerhard Klimeck",
	title	= "Quantum and semi-classical transport in RTDs in NEMO 1-D",
	journal	= "Journal of Computational Electronics",
	year	= "2003",
	volume	= "2",
	note	= "Journal of Computational Electronics, Vol 2, pg. 177-182, 2003; doi:10.1023/B:JCEL.0000011421.53762.97",
	url	= "http://www.springerlink.com/content/g41103266gk43617/?p=202e018983f24cfc95cf3ca387e7a36b&pi=22",
}
@article{111rivas2003,
	author	= "Christian Rivas and Roger Lake and William Frensley and Gerhard Klimeck and Phillip Thompson and Karl Hobart and Sean Rommel and Paul Berge",
	title	= "Full Band Modeling of the Excess Current in a Delta-Doped Silicon Tunnel Diode",
	journal	= "Journal of Applied Physics",
	year	= "2003",
	volume	= "94",
	number	= "8",
	note	= "Journal of Appl. Phys., Vol 94, No. 8, pg 5005-5013 (2003); doi: 10.1063/1.1606114 ",
	url	= "https://engineering.purdue.edu/gekcogrp/publications/pubs_src/DOC111_paper.pdf",
}
@article{112oyafuso2003,
	author	= "Fabiano Oyafuso and Gerhard Klimeck and Paul Allmen and Timothy Boykin and R. Bowen",
	title	= "Strain Effects in large-scale atomistic quantum dot simulations",
	journal	= "physica status solidi (b)",
	year	= "2003",
	volume	= "239",
	number	= "1",
	note	= "Phys. Stat. Sol. (b), Vol. 239, p 71-79 (2003); doi: 10.1002/pssb.200303238 ",
	url	= "https://engineering.purdue.edu/gekcogrp/publications/pubs_src/DOC112_71_ftp.pdf",
}
@article{113sandu2003,
	author	= "Titus Sandu and Gerhard Klimeck and Wiley Kirk",
	title	= "Off-Center Electron Transport in Resonant Tunneling Diodes due to Incoherent Scattering",
	journal	= "Physical Review B",
	year	= "2003",
	volume	= "68",
	number	= "11",
	note	= "Phys. Rev. B. Vol 68, pg 115320, (2003); doi: 10.1103/PhysRevB.68.115320 ",
	url	= "https://engineering.purdue.edu/gekcogrp/publications/pubs_src/DOC113_e115320.pdf",
}
@article{114oyafuso2003,
	author	= "Fabiano Oyafuso and Gerhard Klimeck and R. Bowen and Timothy Boykin and Paul Allmen",
	title	= "Disorder Induced Broadening in Multimillion Atom Alloyed Quantum Dot Systems",
	journal	= "physica status solidi (c)",
	year	= "2003",
	volume	= "4",
	number	= "4",
	note	= "Phys. Stat. Sol. (c), vol 0004, pg 1149-1152 (2003); doi: 10.1002/pssc.200303020 ",
	url	= "https://engineering.purdue.edu/gekcogrp/publications/pubs_src/DOC114_1149_ftp.pdf",
}
@article{115klimeck2002,
	author	= "Gerhard Klimeck and Fabiano Oyafuso and R. Bowen and Timothy Boykin and Thomas Cwik and Edith Huang and Edward Vinyard",
	title	= "3-D Atomistic Nanoelectronic Modeling on High Performance Clusters: Multimillion Atom Simulations",
	journal	= "Superlattices and Microstructures",
	year	= "2002",
	volume	= "2",
	number	= "2",
	note	= "Superlattices and Microstructures, Vol 31/2, pg 171-179, 2002; doi : 10.1006/spmi.2002.1038 ",
	url	= "https://engineering.purdue.edu/gekcogrp/publications/pubs_src/DOC115_1-s2.0-S0749603602910384-main.pdf",
}
@article{116klimeck2002,
	author	= "Gerhard Klimeck",
	title	= "Parallelization of the Nanoelectronic Modeling Tool (NEMO 1-D) on a Beowulf Cluster",
	journal	= "Journal of Computational Electronics",
	year	= "2002",
	volume	= "1",
	number	= "1-2",
	note	= "Journal of Computational Electronics, Vol 1, Issue 1-2, pp 75-79 (2002); doi: 10.1023/A:1020767811814",
	url	= "https://engineering.purdue.edu/gekcogrp/publications/pubs_src/DOC116_fulltext.pdf",
}
@article{117oyafuso2002,
	author	= "Fabiano Oyafuso and Gerhard Klimeck and R. Bowen and Timothy Boykin",
	title	= "Atomistic Electronic Structure Calculations of Unstrained Alloyed Systems Consisting of a Million Atoms",
	journal	= "Journal of Computational Electronics",
	year	= "2002",
	volume	= "1",
	number	= "3",
	note	= "Journal of Computational Electronics, Vol 1. Issue 3, pp. 317-321 (2002);doi : 10.1023/A:1020774819509",
	url	= "https://engineering.purdue.edu/gekcogrp/publications/pubs_src/DOC117_fulltext.pdf",
}
@article{118lee2002,
	author	= "Seungwon Lee and Jeungnim Kim and Lars Jönsson and John Wilkins and Garnett Bryant and Gerhard Klimeck",
	title	= "Many-body levels of multiply charged and laser-excited InAs nanocrystals modeled by empirical tight binding",
	journal	= "Physical Review B",
	year	= "2002",
	volume	= "66",
	number	= "23",
	note	= "Phys. Rev. B 66, 235307 (2002)",
	url	= "https://engineering.purdue.edu/gekcogrp/publications/pubs_src/DOC118_PhysRevB.66.235307.pdf",
}
@article{119boykin2002,
	author	= "Timothy Boykin and Gerhard Klimeck and R. Bowen and Fabiano Oyafuso",
	title	= "Diagonal parameter shifts due to nearest-neighbor displacements in empirical tight-binding theory",
	journal	= "Physical Review B",
	year	= "2002",
	volume	= "66",
	number	= "12",
	note	= "Phys. Rev. B 66, 125207 (2002); doi : 10.1103/PhysRevB.66.125207 ",
	url	= "https://engineering.purdue.edu/gekcogrp/publications/pubs_src/DOC119_e125207.pdf",
}
@article{120klimeck2002,
	author	= "Gerhard Klimeck and Fabiano Oyafuso and Timothy Boykin and R. Bowen and Paul Allmen",
	title	= "Development of a Nanoelectronic 3-D (NEMO 3-D) Simulator for Multimillion Atom Simulations and Its Application to Alloyed Quantum Dots (INVITED)",
	journal	= "Computer Modeling in Engineering and Science",
	year	= "2002",
	volume	= "3",
	number	= "5",
	note	= "Computer Modeling in Engineering and Science (CMES) Volume 3, No. 5 pp 601-642 (2002)",
	url	= "https://engineering.purdue.edu/gekcogrp/publications/pubs_src/J_2002_1_freePU.pdf",
}
@article{121boykin2001,
	author	= "Timothy Boykin and R. Bowen and Gerhard Klimeck",
	title	= "Electromagnetic coupling and gauge invariance in the empirical tight-binding method",
	journal	= "Physical Review B",
	year	= "2001",
	volume	= "63",
	number	= "24",
	note	= "Physical Review B, Vol 63, pg. 245314 (2001);doi: 10.1103/PhysRevB.63.245314",
	url	= "https://engineering.purdue.edu/gekcogrp/publications/pubs_src/DOC121_e245314.pdf",
}
@article{122klimeck2001,
	author	= "Gerhard Klimeck and R. Bowen and Timothy Boykin",
	title	= "Strong wavevector dependence of hole transport in heterostructures",
	journal	= "Superlattices and microstructures",
	year	= "2001",
	volume	= "29",
	number	= "3",
	note	= "Superlattices and Microstructures, Vol 29, No. 3, pg. 187-216 (2001);doi: 10.1006/spmi.2000.0973",
	url	= "https://engineering.purdue.edu/gekcogrp/publications/pubs_src/DOC122_1-s2.0-S074960360090973X-main.pdf",
}
@article{123lee2001,
	author	= "Seungwon Lee and Lars Jönsson and John Wilkins and Garnett Bryant and Gerhard Klimeck",
	title	= "Electron-hole correlations in semiconductor quantum dots with tight-binding wave functions",
	journal	= "Physical Review B",
	year	= "2001",
	volume	= "63",
	number	= "19",
	note	= "Phys. Rev. B Vol. 63, 195318 (2001);doi: 	10.1103/PhysRevB.63.195318",
	url	= "https://engineering.purdue.edu/gekcogrp/publications/pubs_src/DOC123_e195318.pdf",
}
@article{124klimeck2001,
	author	= "Gerhard Klimeck",
	title	= "Indirect bandgap-like current flow in direct bandgap electron resonant tunneling diodes",
	journal	= "physica status solidi (b)",
	year	= "2001",
	volume	= "226",
	note	= "Physica Status Solidi (b) Vol. 226, pg. 9-19 (2001); doi: 10.1002/1521-3951(200107)226:1<9::AID-PSSB9>3.0.CO;2-Y",
	url	= "https://engineering.purdue.edu/gekcogrp/publications/pubs_src/DOC124_9_ftp.pdf",
}
@article{125rivas2001,
	author	= "Christian Rivas and Roger Lake and Gerhard Klimeck and William Frensley and Massimo Fischetti and Phillip Thompson and Sean Rommel and Paul Berge",
	title	= "Full Band Simulation of Indirect Phonon-Assisted Tunneling in a Silicon Tunnel Diode with Delta-Doped Contacts",
	journal	= "Applied Physics Letters",
	year	= "2001",
	volume	= "78",
	number	= "6",
	note	= "Applied Physics Letters, Vol. 78, pg 814, (2001);doi : 10.1063/1.1343500",
	url	= "https://engineering.purdue.edu/gekcogrp/publications/pubs_src/DOC125_http___scitation.aip.org_getpdf_servlet_GetPDFServlet_filetype=pdf&id=APPLAB000078000006000814000001&idtype=cvips&doi=10.1063_1.pdf",
}
@article{126klimeck2001,
	author	= "Gerhard Klimeck and R. Bowen and Timothy Boykin",
	title	= "Off-zone-center (indirect bandgap like) hole transport in heterostructures",
	journal	= "Physical Review B",
	year	= "2001",
	volume	= "63",
	note	= "Phys. Rev. B., Vol 63, pg. 195310 (2001); doi : 10.1103/PhysRevB.63.195310",
	url	= "https://engineering.purdue.edu/gekcogrp/publications/pubs_src/DOC126_PhysRevB.63.195310.pdf",
}
@article{127klimeck2000,
	author	= "Gerhard Klimeck and R. Bowen and Timothy Boykin and Thomas Cwik",
	title	= "sp3s* Tight-Binding Parameters for Transport Simulations in Compound Semiconductors",
	journal	= "Superlattices and Microstructures",
	year	= "2000",
	volume	= "27",
	note	= "Superlattices and Microstructures Vol. 27, pp. 519-524 (2000); doi : 10.1006/spmi.2000.0862",
	url	= "http://www.sciencedirect.com/science/article/pii/S0749603600908620",
}
@article{128klimeck2000,
	author	= "Gerhard Klimeck and R. Bowen and Timothy Boykin and Carlos Salazar-Lazaro and Thomas Cwik and Adrian Stoica",
	title	= "Si tight-binding parameters from genetic algorithm fitting",
	journal	= "Superlattices and Microstructures",
	year	= "2000",
	volume	= "27",
	number	= "2-3",
	note	= "Superlattices and Microstructures, Vol. 27, No. 2/3, Mar 2000, pp. 77-88. ; doi : 10.1006/spmi.1999.0797",
	url	= "http://www.sciencedirect.com/science/article/pii/S0749603699907978",
}
@article{129boykin1999,
	author	= "Timothy Boykin and R. Bowen and Gerhard Klimeck and Kevin Lear",
	title	= "Resonant-tunneling Diodes with Emitter Prewells",
	journal	= "Applied physics letters",
	year	= "1999",
	volume	= "75",
	number	= "9",
	note	= "Appl. Phys. Lett, Vol. 75, 1302 (1999); doi : 10.1063/1.124675",
	url	= "https://engineering.purdue.edu/gekcogrp/publications/pubs_src/DOC129_ApplPhysLett_75_1302.pdf",
}
@article{130boykin1999,
	author	= "Timothy Boykin and Lisa Gamble and Gerhard Klimeck and R. Bowen",
	title	= "Valence-Band Warping in Tight-Binding Models",
	journal	= "Physical Review B",
	year	= "1999",
	volume	= "59",
	number	= "11",
	note	= "Phys. Rev. B Vol 59, 7301 (1999); doi :  10.1103/PhysRevB.59.7301",
	url	= "https://engineering.purdue.edu/gekcogrp/publications/pubs_src/DOC130_PhysRevB.59.7301.pdf",
}
@article{131boykin1999,
	author	= "Timothy Boykin and Roger Lake and Gerhard Klimeck and Mukund Swaminathan",
	title	= "InterfaceEffects in Tunneling Models with Identical Real and Complex Dispersions",
	journal	= "Physical Review B",
	year	= "1999",
	volume	= "7316",
	note	= "Phys. Rev. B Vol 59, 7316 (1999); doi : 10.1103/PhysRevB.59.7316",
	url	= "https://engineering.purdue.edu/gekcogrp/publications/pubs_src/DOC131_PhysRevB.59.7316.pdf",
}
@article{132klimeck1998,
	author	= "Gerhard Klimeck and Daniel Blanks and Roger Lake and R. Bowen and Chenjing Fernando and Manhua Leng and William Frensley and Dejan Jovanovic and Paul Sotirelis",
	title	= "Writing Research Software in a Large Group for the NEMO Project",
	journal	= "VLSI DESIGN-LANGHORNE-",
	year	= "1998",
	volume	= "8",
	number	= "1-4",
	note	= "VLSI Design, Vol 8, p 79 (1998);doi:10.1155/1998/35374",
	url	= "https://engineering.purdue.edu/gekcogrp/publications/pubs_src/DOC132_035374.pdf",
}
@article{133rommel1998,
	author	= "Sean Rommel and Thomas Dillon and M. Dashiell and H. Feng and J. Kolodzey and Paul Berge and Phillip Thompson and Karl Hobart and Roger Lake and Alan Seabaugh and Gerhard Klimeck and Daniel Blanks",
	title	= "Room temperature operation of epitaxially grown Si/Si_0.5Ge_0.5/Si resonant interband tunneling diodes",
	journal	= "Applied Physical Letters",
	year	= "1998",
	volume	= "73",
	note	= "Applied Physics Letters, Vol. 73, 2191 (1998);doi:10.1063/1.122419  ",
	url	= "https://engineering.purdue.edu/gekcogrp/publications/pubs_src/DOC133_ApplPhysLett_73_2191.pdf",
}
@article{134klimeck1998,
	author	= "Gerhard Klimeck and Roger Lake and Daniel Blanks",
	title	= "Numerical Approximations to the Treatment of Interface Roughness Scattering in Resonant Tunneling Diodes",
	journal	= "Semiconductor Science and Technology",
	year	= "1998",
	volume	= "13",
	note	= "Semicond. Sci. Technology, Vol 13, pg. A165 (1998); doi : 10.1088/0268-1242/13/8A/047",
	url	= "http://iopscience.iop.org/0268-1242/13/8A/047/",
}
@article{135lake1998,
	author	= "Roger Lake and Gerhard Klimeck and Daniel Blanks",
	title	= "Interface Roughness and Polar Optical Phonon Scattering in InGaAs/AlAs/InAs RTDs",
	journal	= "Semiconductor Science and Technology",
	year	= "1998",
	volume	= "13",
	note	= "Semicond. Sci. Technology, Vol 13, pg. A163 (1998);doi:10.1088/0268-1242/13/8A/046",
	url	= "http://iopscience.iop.org/0268-1242/13/8A/046/",
}
@article{136klimeck1998,
	author	= "Gerhard Klimeck and Roger Lake and R. Bowen and Chenjing Fernando and William Frensley",
	title	= "Resolution of Resonances in a General Purpose Quantum Device Simulator (NEMO)",
	journal	= "VLSI DESIGN-LANGHORNE-",
	year	= "1998",
	volume	= "6",
	number	= "1/4",
	note	= "VLSI Design, Vol. 6, p. 107 (1998);doi:10.1155/1998/43043",
	url	= "https://engineering.purdue.edu/gekcogrp/publications/pubs_src/DOC136_043043.pdf",
}
@article{137lake1998,
	author	= "Roger Lake and Gerhard Klimeck and R. Bowen and Dejan Jovanovic and Paul Sotirelis and William Frensley",
	title	= "A Generalized Tunneling Formula for Quantum Device Modeling",
	journal	= "VLSI DESIGN-LANGHORNE-",
	year	= "1998",
	volume	= "6",
	number	= "1/4",
	note	= "VLSI Design, Vol. 6, pg 9 (1998);doi:10.1155/1998/84503",
	url	= "https://engineering.purdue.edu/gekcogrp/publications/pubs_src/DOC137_084503.pdf",
}
@article{138klimeck1998,
	author	= "Gerhard Klimeck and Roger Lake and Daniel Blanks",
	title	= "Role of interface roughness scattering in self-consistent resonant tunneling diode simulation",
	journal	= "Physical Review B",
	year	= "1998",
	volume	= "58",
	note	= "Phys. Rev. B, Vol. 58, 7279 (1998); doi :  10.1103/PhysRevB.58.7279",
	url	= "https://engineering.purdue.edu/gekcogrp/publications/pubs_src/DOC138_PhysRevB.58.7279.pdf",
}
@article{139boykin1997,
	author	= "Timothy Boykin and Gerhard Klimeck and R. Bowen and Roger Lake",
	title	= "Effective Mass Reproducibility of the Nearest-Neighbor sp3s* Models: Analytic Results",
	journal	= "Physical Review B",
	year	= "1997",
	volume	= "41",
	note	= "Phys. Rev. B Vol 56, 4102 (1997);doi:10.1103/PhysRevB.56.4102",
	url	= "https://engineering.purdue.edu/gekcogrp/publications/pubs_src/DOC139_PhysRevB.56.4102.pdf",
}
@article{140klimeck1997,
	author	= "Gerhard Klimeck and Roger Lake and Daniel Blanks and Chenjing Fernando and R. Bowen and Ted Moise and Y. Kao",
	title	= "The Effects of Electron Screening Length and Emitter Quasi-Bound States on the Polar-Optical Phonon Scattering in Resonant Tunneling Diodes",
	journal	= "physica status solidi (b)",
	year	= "1997",
	volume	= "204",
	number	= "1",
	note	= "Physica Status Solidi (b), Vol 204, 408 (1997); doi : 10.1002/1521-3951(199711)204:1<408::AID-PSSB408>3.0.CO;2-V",
}
@article{141lake1997,
	author	= "Roger Lake and Gerhard Klimeck and R. Bowen and Dejan Jovanovic and Daniel Blanks and Mukund Swaminathan",
	title	= "Quantum Transport with Band-Structure and Schottky Contatcs",
	journal	= "physica status solidi (b)",
	year	= "1997",
	volume	= "204",
	note	= "Physica Status Solidi (b), Vol 204, 354 (1997); doi : 10.1002/1521-3951(199711)204:1<354::AID-PSSB354>3.0.CO;2-V",
	url	= "http://onlinelibrary.wiley.com/doi/10.1002/1521-3951%28199711%29204:1%3C408::AID-PSSB408%3E3.0.CO;2-V/abstract",
}
@article{142lake1997,
	author	= "Roger Lake and Gerhard Klimeck and R. Bowen and Dejan Jovanovic",
	title	= "Single and multiband modeling of quantum electron transport through layered semiconductor devices",
	journal	= "Journal of Applied Physics",
	year	= "1997",
	volume	= "81",
	number	= "12",
	note	= "J. of Appl. Phys. 81, 7845 (1997); doi : 10.1063/1.365394 ",
	url	= "https://engineering.purdue.edu/gekcogrp/publications/pubs_src/DOC142_JApplPhys_81_7845.pdf",
}
@article{143bowen1997,
	author	= "R. Bowen and Gerhard Klimeck and Roger Lake and William Frensley and Ted Moise",
	title	= "Quantitative Simulation of A Resonant Tunneling Diode",
	journal	= "Journal of applied physics",
	year	= "1997",
	volume	= "81",
	number	= "7",
	note	= "J. of Appl. Phys. 81, 3207 (1997); doi : 10.1063/1.364151",
	url	= "https://engineering.purdue.edu/gekcogrp/publications/pubs_src/DOC143_JApplPhys_81_3207.pdf",
}
@article{144lake1996,
	author	= "Roger Lake and Gerhard Klimeck and R. Bowen and Chenjing Fernando and Manhua Leng and Ted Moise and Y. Kao",
	title	= "Interface Roughness, Polar Optical Phonon, And the Valley Current of a Resonant Tunneling Diode",
	journal	= "Superlattices and Microstructures",
	year	= "1996",
	volume	= "20",
	note	= "Superlattices and Microstructures, Vol. 20, p.279 (1996); doi:10.1006/spmi.1996.0079",
	url	= "http://www.sciencedirect.com/science/article/pii/S0749603696900798",
}
@article{145tatum1996,
	author	= "Jim Tatum and Duncan MacFarlane and R. Bowen and Gerhard Klimeck and William Frensley",
	title	= "Ultrafast Characteristics of InGaP/InGaAlP Laser Amplifiers",
	journal	= "Quantum Electronics, IEEE Journal of",
	year	= "1996",
	volume	= "32",
	number	= "4",
	note	= "IEEE Journal of Quantum Electronics , Vol. 32, Issue: 4, Page(s): 664 - 669, Apr 1996; doi : 10.1109/3.488841  ",
	url	= "http://ieeexplore.ieee.org/xpl/articleDetails.jsp?arnumber=488841",
}
@article{146klimeck1995,
	author	= "Gerhard Klimeck and Roger Lake and R. Bowen and William Frensley and Ted Moise",
	title	= "Quantum Device Simulation with a Generalized Tunneling Formula",
	journal	= "Applied physics letters",
	year	= "1995",
	volume	= "67",
	number	= "17",
	note	= "Appl. Phys. Lett., Vol. 67, p.2539 (1995); doi : 10.1063/1.114451",
	url	= "https://engineering.purdue.edu/gekcogrp/publications/pubs_src/DOC146_ApplPhysLett_67_2539.pdf",
}
@article{147bowen1995,
	author	= "R. Bowen and William Frensley and Gerhard Klimeck and Roger Lake",
	title	= "Transmission resonances and zeros in multi-band models",
	journal	= "Physical Review B",
	year	= "1995",
	volume	= "52",
	note	= "Phys. Rev. B. , Vol. 52, p.2754 (1995);doi:10.1103/PhysRevB.52.2754",
	url	= "https://engineering.purdue.edu/gekcogrp/publications/pubs_src/DOC147_PhysRevB.52.2754.pdf",
}
@article{148klimeck1994,
	author	= "Gerhard Klimeck and Roger Lake and Supriyo Datta and Garnett Bryant",
	title	= "Elastic and Inelastic Scattering in Quantum Dots in the Coulomb Blockade Regime",
	journal	= "Physical Review B",
	year	= "1994",
	volume	= "50",
	number	= "8",
	note	= "Phys. Rev. B, Vol. 50, 5484 (1994); doi : 10.1103/PhysRevB.50.5484",
	url	= "https://engineering.purdue.edu/gekcogrp/publications/pubs_src/DOC148_PhysRevB.50.5484.pdf",
}
@article{149chen1994,
	author	= "Guanlong Chen and Gerhard Klimeck and Supriyo Datta and G. Chen and William Goddard",
	title	= "Resonant Tunneling through Quantum Dot arrays",
	journal	= "Physical Review B",
	year	= "1994",
	volume	= "50",
	number	= "11",
	note	= "Phys. Rev. B, Vol. 50, p.8035 (1994); doi :  10.1103/PhysRevB.50.8035",
	url	= "http://docs.lib.purdue.edu/cgi/viewcontent.cgi?article=1788&context=nanopub",
}
@article{150klimeck1994,
	author	= "Gerhard Klimeck and Guanlong Chen and Supriyo Datta",
	title	= "Conductance Spectroscopy in Coupled Quantum Dots",
	journal	= "Physical Review B",
	year	= "1994",
	volume	= "50",
	number	= "4",
	note	= "Phys. Rev. B, Vol. 50, p.2316 (1994); doi : 10.1103/PhysRevB.50.2316",
	url	= "https://engineering.purdue.edu/gekcogrp/publications/pubs_src/DOC150_PhysRevB.50.2316.pdf",
}
@article{151lake1993,
	author	= "Roger Lake and Gerhard Klimeck and M. Anantram and Supriyo Datta",
	title	= "Rate Equations for the Phonon Peak in Resonant Tunneling Structures",
	journal	= "Physical Review B",
	year	= "1993",
	volume	= "48",
	number	= "20",
	note	= "Phys. Rev. B., Vol. 48, p.15132 (1993); doi : 10.1103/PhysRevB.48.15132",
	url	= "https://engineering.purdue.edu/gekcogrp/publications/pubs_src/DOC151_PhysRevB.48.15132.pdf",
}
@article{152lake1993,
	author	= "Roger Lake and Gerhard Klimeck and Supriyo Datta",
	title	= "Rate Equations from the Keldysh Formalism Applied to the Phonon Peak in Resonant-Tunneling Diodes",
	journal	= "Physical Review B",
	year	= "1993",
	volume	= "47",
	number	= "11",
	note	= "Phys. Rev. B, Vol. 47, p.6427 (1993); doi :  10.1103/PhysRevB.47.6427",
	url	= "https://engineering.purdue.edu/gekcogrp/publications/pubs_src/DOC152_PhysRevB.47.6427.pdf",
}
@article{153lee1992,
	author	= "Yong Lee and Michael McLennan and Gerhard Klimeck and Roger Lake and Supriyo Datta",
	title	= "Quantum Kinetic Analysis of Mesoscopic Systems: Linear Response",
	journal	= "Superlattices and microstructures",
	year	= "1992",
	volume	= "11",
	number	= "2",
	note	= "Superlattices and Microstructures, Vol. 11, p.137 (1992); doi : 10.1016/0749-6036(92)90237-Y",
	url	= "http://docs.lib.purdue.edu/cgi/viewcontent.cgi?article=1784&context=nanopub",
}
@article{154klimeck1991,
	author	= "Gerhard Klimeck and Daniel Elliott and M. Hamilton",
	title	= "Laser-Bandwidth-Induced Fluctuations in the Intensity Transmitted by a Fabry-Perot Interferometer",
	journal	= "Physical Review A",
	year	= "1991",
	volume	= "44",
	note	= "Phys. Rev. A, Vol. 44, p.3222 (1991); doi : 10.1103/PhysRevA.44.3222",
	url	= "http://docs.lib.purdue.edu/cgi/viewcontent.cgi?article=1783&context=nanopub",
}
@article{155xie1990,
	author	= "Cheng Xie and Gerhard Klimeck and Daniel Elliott",
	title	= "Generation and Intensity Correlation Measurements of the Real Gaussian Field",
	journal	= "Physical Review A",
	year	= "1990",
	volume	= "41",
	number	= "11",
	note	= "Phys. Rev. A Vol. 41, p.6376 (1990); doi :  10.1103/PhysRevA.41.6376",
	url	= "https://engineering.purdue.edu/gekcogrp/publications/pubs_src/DOC155_PhysRevA.41.6376.pdf",
}

